4274 5290
1016 211 1107 309 106

190 427 268 534 Sed
292 477 355 550 quo
385 453 469 526 libro
490 453 569 524 mibi
596 454 665 549 ipsc
693 453 846 548 privatin,
881 455 996 526 eodem
1017 481 1056 528 cx
1075 458 1216 528 muneris
1238 455 1357 552 publici
1381 456 1558 526 rationibus
1581 457 1775 526 audientiam
1796 455 1936 527 lecturus

190 592 261 638 sum
282 565 445 636 nonnullis
469 563 654 660 disciplinae
677 581 805 634 nostrae
828 565 1098 653 adolescentibus,
1134 569 1188 662 qui
1218 567 1404 662 propediem
1425 566 1574 660 benignis
1602 568 1783 637 auditorum
1813 567 1936 638 iudiciis

190 676 346 772 opuscula
369 675 526 770 praedam
552 698 612 743 sua
641 674 816 746 subiicient.
866 675 992 746 Instant
1013 676 1099 747 enim
1122 676 1285 747 Calendae
1309 672 1521 762 Novembres,
1553 676 1607 771 qui
1630 677 1698 748 dies
1721 701 1741 746 a
1761 677 1938 746 maioribus

190 785 319 858 scholae
345 784 514 854 Porteusis
545 783 662 854 natalis
695 783 834 871 babitus,
865 785 926 856 boe
958 811 1085 882 quoque
1113 811 1199 856 anno
1226 784 1350 858 solenni
1379 786 1442 856 ritu
1469 785 1688 856 celebrabitur.
1731 786 1843 880 ltaque
1869 785 1938 856 eius

191 897 256 966 diei
276 895 357 965 hora
377 896 533 967 matutina
555 910 668 964 octava
689 912 909 989 praeceptores
931 913 965 966 et
987 895 1133 991 discipuli
1156 897 1307 990 templum
1330 897 1499 980 adibimus,
1537 895 1644 965 Deum
1669 895 1838 991 Optimum
1860 895 1937 965 Ma·

188 1006 307 1078 ximm
330 1030 401 1102 cum
422 1020 514 1097 grata
535 1004 759 1075 beneficiorum
781 1001 866 1075 hunc
886 1007 919 1078 in
941 1006 1046 1078 locum
1070 1005 1256 1076 collatorum
1278 1005 1498 1076 recordatione
1522 1005 1696 1074 adoraturi.
1747 1005 1836 1076 Tum
1858 1003 1939 1074 bora

189 1139 276 1187 nona
296 1117 332 1184 in
355 1114 511 1184 auditorio
533 1115 646 1184 maiori
668 1115 805 1208 primum
828 1116 955 1209 quidem
977 1115 1124 1210 discipuli
1145 1141 1184 1183 ex
1215 1115 1316 1184 tribus
1339 1115 1495 1185 classibus
1518 1112 1719 1184 inferioribus
1740 1114 1839 1185 'electi
1860 1139 1938 1208 poe·

189 1242 296 1296 tanum
328 1224 563 1300 Germanorum
590 1225 730 1296 carmina
756 1225 1019 1320 pronunciabunt.
1072 1224 1200 1296 Deinde
1231 1251 1270 1294 er
1299 1223 1401 1326 classe
1431 1211 1572 1294 secunda
1601 1223 1756 1318 superiori
1788 1240 1940 1320 poemata

190 1333 359 1406 vernaculo
391 1357 536 1404 sermone
558 1358 580 1402 a
610 1351 709 1403 semet
730 1335 810 1429 ipsis
834 1335 1010 1431 composita
1031 1333 1207 1404 recitabunt
1229 1347 1419 1404 sostratus
1442 1349 1552 1406 GEIER
1574 1347 1782 1420 NEBltffltsts,
1813 1349 1939 1404 mutt-

187 1457 294 1516 lucos
315 1459 362 1512 DE
383 1457 853 1522 DIEPENBROIGK·GRUETER
876 1458 1195 1530 osNABItUGtENSIS,
1218 1459 1411 1517 EDUARDUS
1435 1457 1591 1512 WU'lTlG
1606 1457 1937 1514 scsswsnstaomtt·

187 1566 921 1638 srs,osoannnsrmn1ucmunoccnsrs.
981 1555 1033 1624 Er
1064 1555 1166 1625 classe
1197 1553 1309 1622 eadem
1338 1567 1463 1624 nnuno
1493 1567 1763 1624 neumnnurnn
1795 1567 1939 1624 amuen-

192 1647 411 1738 WERDENsls
434 1662 577 1734 oratione
598 1661 717 1735 Latina
738 1665 924 1738 memoriam
944 1663 1108 1736 Brnnonis
1134 1662 1281 1748 Comitis,
1314 1662 1472 1734 Coenobii
1494 1663 1696 1734 Smolnensis
1719 1679 1793 1732 ante
1816 1679 1939 1757 septem

191 1770 321 1850 saecula
343 1771 526 1858 conditoris,
570 1773 744 1844 renovabit
788 1773 841 1848 Ex
874 1775 979 1869 pn‘ma
1006 1773 1111 1845 classe
1139 1787 1330 1842 snocrrrus
1367 1788 1488 1842 tenen
1517 1786 1713 1844 ronmnsrs
1746 1771 1939 1844 Genian'na

191 1881 335 1956 oratione
358 1898 515 1978 quaeret„
532 1906 612 1976 quos
635 1885 679 1954 ad
700 1908 823 1956 morum
850 1884 1026 1979 artiumque
1056 1881 1176 1958 cutum
1197 1882 1318 1952 frustm
1341 1867 1379 1952 ex
1401 1881 1637 1952 Monacborum
1658 1881 1809 1952 institutis
1830 1880 1937 1951 Emo-

191 2013 253 2084 pac
275 2006 386 2083 gentes
410 1991 551 2076 siderium
574 2009 791 2066 emesenus
814 2009 980 2066 secerne
1001 2005 1310 2066 nortuummnnsrs
1332 1991 1466 2060 Diterici
1487 1990 1690 2062 Veronensis
1716 2017 1787 2061 cum
1809 1991 1939 2061 Eceone

191 2115 352 2174 ceramon
372 2099 497 2178 Latinis
525 2103 669 2173 versibus
690 2104 880 2186 eelehrahic;
908 2117 1075 2177 muscus
1099 2117 1228 2178 mrtem
1250 2102 1545 2186 suomcucnnsrs,
1577 2117 1728 2195 quantam
1749 2100 1813 2170 vim
1835 2099 1938 2170 habu·

189 2209 250 2282 erit
272 2231 435 2284 sacrorum
456 2212 638 2288 emendatio
668 2238 687 2282 a
709 2213 852 2290 Ludrero
874 2231 1005 2309 peracta
1025 2214 1060 2282 in
1081 2213 1203 2290 artibus
1225 2210 1416 2296 excolendis,
1452 2210 1606 2305 imprimis
1628 2211 1662 2282 in
1685 2209 1779 2280 variis
1801 2233 1939 2305 poeseos

190 2319 371 2412 generibus,
394 2319 512 2395 Latina
535 2323 677 2392 oratione
699 2322 855 2418 explicare
878 2323 1025 2394 studebit.
1232 2387 1236 2398 .
1773 2309 1777 2318 ¹

321 2425 493 2506 Postremo
519 2429 639 2502 Rector
666 2432 795 2502 scholae
820 2459 861 2524 er
892 2432 1087 2527 singularum
1119 2431 1268 2508 classium
1300 2429 1475 2525 discipidis,
1515 2430 1569 2524 qui
1597 2453 1722 2500 morum
1747 2427 1940 2524 probitatem

193 2536 351 2630 studiique
380 2535 524 2630 fiugiferi
549 2542 772 2614 assiduitatem
797 2542 1055 2636 praeceptoribus
1080 2541 1237 2636 imprimis
1265 2542 1490 2636 probavenmt,
1521 2540 1565 2609 ad
1591 2539 1733 2634 praemia
1755 2539 1939 2633 accipienda

194 2645 350 2732 evocabit,
384 2662 552 2741 actumque
573 2649 808 2743 precationibus
831 2651 935 2724 liniet:
972 2675 1067 2745 quem
1086 2667 1123 2720 nt
1142 2651 1324 2746 praesentia
1344 2673 1404 2722 sua
1425 2651 1575 2721 decorent
1597 2649 1690 2724 buius
1712 2649 1774 2722 loci
1795 2648 1937 2720 fautores

135 2820 137 2827 .
193 2770 226 2830 ct
240 2752 347 2845 amici,
374 2778 414 2823 ea
432 2780 496 2849 qua
516 2781 576 2851 par
596 2775 646 2830 est
668 2757 870 2830 observantia
893 2785 1055 2855 rogamus.

350 2866 438 2948 Dab,
459 2865 580 2940 Portae
602 2868 780 2946 txxlx.
802 2870 936 2946 Octobr.
960 2867 1273 2946 omcccxxvss.
