4242 5300
171 317 296 388 fluentis
320 339 421 411 aquae
445 314 610 410 strepitum
632 339 691 410 per
711 319 819 382 ramos
843 314 885 382 ad
907 284 1016 382 nescio
1039 336 1133 407 quem
1155 312 1336 410 perveniret
1358 327 1392 382 at
1412 313 1440 382 is
1464 313 1523 382 sub
1546 313 1660 384 arbore
1681 315 1836 385 recubam
1865 341 1958 386 me·

172 427 316 512 ridiatur,
337 453 396 496 nec
411 441 519 521 potest
536 425 600 513 rivi,
615 425 752 492 sonitum
771 448 830 519 per
847 446 955 491 ramos
976 423 1134 509 exaudire,
1156 424 1218 492 nisi
1240 423 1268 492 si
1286 422 1368 492 lorte
1387 422 1441 493 ille
1462 421 1582 492 exalto
1604 424 1795 494 demittatur.
1827 411 1957 518 Q'uod

174 537 204 608 si
226 559 358 607 censeas
381 535 458 629 tingi
482 557 589 630 posse,
611 533 707 602 inane
727 557 859 627 prorsus
881 533 940 601 erit
960 529 1107 629 ψυχρόν
1129 533 1326 618 adjectivum,
1349 533 1500 628 quoniam
1517 533 1583 601 eius
1600 557 1706 620 aurae,
1730 559 1824 630 quarn
1843 559 1954 632 aqua

49 712 60 728 ,
172 647 286 717 emittit
311 645 480 714 interiectis
508 642 674 712 frondibus
703 643 842 729 seclusa,
872 659 964 736 grato
991 641 1111 735 frigore
1139 666 1205 710 non
1232 643 1285 712 ille
1310 643 1513 713 recreabitur.
1558 642 1684 712 Verum
1712 646 1840 715 omnino
1862 671 1952 716 non

171 755 263 826 aliter
282 755 376 852 ύδισρ
398 761 540 825 κελαδεῖ
559 751 599 824 δι’
612 751 736 840 declar,
758 752 821 822 uisi
843 768 878 820 ut
900 753 990 848 ipsas
1013 750 1144 822 frondes
1167 752 1290 846 irriget:
1305 752 1428 849 „pluvia
1452 770 1567 837 autem,
1590 749 1736 822 omnibus
1759 753 1949 840 laudatior,

171 867 201 936 si
221 865 330 961 tepida
351 866 393 932 sit
406 887 508 957 ¹quam
532 864 561 931 si
584 861 710 956 frigida,
734 861 855 931 homini
879 862 937 930 sub
955 862 1069 932 arbore
1092 885 1239 930 somnum
1259 863 1395 959 capienti
1412 863 1516 931 minus
1533 863 1638 931 suavis
1658 864 1815 934 acciderit.
1848 863 1950 935 Non

172 998 255 1070 aqua
281 974 397 1068 frigida
425 973 561 1042 iucunda
588 988 638 1040 est
667 996 725 1068 per
745 989 855 1040 ramos
884 987 1047 1067 strepens,
1076 973 1133 1041 sed
1156 997 1233 1040 aura
1254 971 1382 1066 frigida.
1427 973 1538 1066 Itaque
1565 971 1661 1070 ὕδωρ
1687 998 1753 1042 non
1775 975 1947 1069 scriptum

170 1100 221 1155 est
243 1109 262 1152 a
285 1083 418 1178 poetria,
442 1082 507 1150 sive
530 1080 718 1172 vocabulpm
740 1081 825 1152 venti
847 1079 974 1174 expulit,
999 1081 1065 1150 sive
1088 1105 1222 1152 vacuam
1247 1084 1357 1150 sedem
1380 1081 1555 1176 occupavit.
1602 1083 1704 1152 Sicuti
1724 1107 1800 1152 vero
1822 1084 1944 1155 verbis

172 1193 261 1281 ὄζειν
283 1211 315 1264 et
336 1191 474 1276 ἀπόζειν
494 1189 717 1288 personalibus
739 1190 847 1259 odoris
870 1190 1057 1283 significatio
1081 1191 1228 1260 adiectivi
1248 1193 1386 1260 neutrius
1408 1191 1576 1285 singularis
1600 1192 1777 1262 accusativo
1799 1219 1942 1288 express

173 1329 213 1374 sa
234 1305 310 1373 addi
331 1319 447 1399 potest,
470 1301 515 1369 ita
537 1302 661 1384 eadem,
688 1301 816 1392 quaudo
836 1326 952 1385 rerum,
977 1301 1090 1395 quibus
1114 1301 1230 1369 odores
1254 1299 1410 1385 cillantur,
1433 1300 1556 1396 positus
1579 1317 1628 1369 est
1649 1300 1816 1394 genitivus,
1838 1303 1941 1372 adie-

174 1415 249 1486 ctivi
271 1428 435 1482 assumunt
455 1409 699 1490 nominativum,
721 1425 756 1478 ut
776 1410 810 1481 in
831 1407 881 1477 his
904 1409 1022 1480 factum
1045 1426 1103 1495 est,
1125 1411 1185 1510 τῆς
1207 1410 1268 1510 γῆς
1290 1410 1335 1490 eie
1357 1406 1470 1501 γλυκύ
1493 1409 1571 1500 ὄζει,
1592 1407 1709 1495 ἀπόζει
1730 1411 1790 1508 τῆς
1811 1412 1941 1510 χώρης

171 1525 231 1625 τῆς
251 1521 427 1622 Ἀραβίης
449 1523 632 1592 θεσπέσιον
653 1521 698 1598 ὠς
720 1518 795 1616 ἡδύ.
838 1518 961 1588 Confer
976 1519 1102 1588 Dobrei
1124 1537 1232 1588 annot.
1253 1521 1296 1590 ad
1311 1517 1476 1614 Aristoph.
1491 1518 1580 1588 Plut.
1599 1534 1694 1588 1021.
1715 1521 1783 1590 Bb.
1806 1549 1839 1616 p.
1855 1530 1939 1604 167.

173 1636 225 1706 ed.
249 1633 343 1727 Lips.
381 1630 475 1698 Adde
492 1629 628 1700 Hesiod.
647 1631 702 1698 Sc.
723 1628 769 1696 H.
785 1645 818 1711 γ.
850 1629 922 1728 Τῆς
942 1633 1003 1700 καί
1024 1625 1095 1700 α’πδ
1115 1629 1251 1729 κρῆθεν
1272 1629 1464 1728 βλεφάρων
1485 1627 1597 1701 τ’ᾰπό
1618 1629 1802 1702 κυανεάων
1821 1637 1937 1704 Τοῒον

173 1742 270 1839 ἄηθ’,
293 1741 370 1813 οἶόν
391 1769 428 1812 τε
448 1736 670 1835 πολυχρύσου
690 1735 905 1837 Ἀφροδίτης.
950 1738 1115 1835 Aristoph.
1138 1738 1225 1808 Rau.
1242 1756 1318 1818 311.
1354 1739 1424 1820 ’.Ως
1444 1736 1508 1839 ἡδύ
1529 1768 1589 1828 μοι
1608 1743 1832 1836 προσέπνευσε
1852 1765 1935 1831 χοι-

174 1860 280 1953 ρείων
309 1851 432 1948 κρεῶν.
475 1847 609 1917 Lucian.
631 1847 777 1916 Hermot.
803 1849 847 1918 T.
863 1848 891 1916 Ι.
913 1876 946 1945 p.
963 1848 1040 1932 776.
1083 1853 1166 1929 Τοῖς
1187 1849 1336 1946 α’νδρᾶσι
1355 1845 1491 1920 τοιοῦτό
1516 1879 1549 1918 τι
1569 1846 1739 1920 ἀποπνεῖν
1766 1850 1829 1921 τοῦ
1850 1850 1933 1922 στό-

95 2045 98 2052 ·
176 1990 294 2056 ματος.
325 1960 449 2029 Herod.
466 1956 527 2042 IV,
545 1946 810 2056 eaj‘Anossett
831 1956 887 2029 ἀπ’
902 1957 1012 2030 αὐτοῦ
1033 1956 1131 2050 παχύ
1152 1963 1212 2030 καὶ
1233 1963 1358 2048 μέλαν.
1392 1958 1545 2029 Similiter
1566 1958 1630 2029 ista
1652 1959 1822 2028 enunciant
1844 1961 1929 2030 Ger·

175 2072 275 2142 mani.
322 2070 502 2142 Secundum
524 2066 604 2138 haec
627 2069 761 2162 Sappho
785 2068 922 2138 scribere
944 2085 1070 2162 poterat
1090 2064 1237 2164 ψυχρόν
1259 2074 1411 2158 κελαδεῖ,
1425 2067 1468 2136 id
1490 2083 1548 2153 est,
1574 2065 1710 2165 ψυχρός
1732 2070 1800 2140 ἐστι
1823 2073 1931 2152 κε’λα-

176 2189 252 2270 δος,
282 2181 368 2276 quod
389 2179 505 2247 mirum
527 2176 624 2263 foret,
657 2179 691 2245 ni
712 2175 858 2246 librarius
883 2177 997 2271 aliquis
1020 2176 1167 2273 suppleto
1189 2176 1283 2273 ὕδωρ
1304 2177 1504 2274 interpretari
1525 2175 1686 2246 voluisset
1730 2178 1840 2274 Itaque
1862 2203 1931 2252 non

176 2291 279 2386 agitur
299 2316 383 2360 nunc
406 2290 445 2356 de
468 2287 547 2370 rivo,
571 2286 630 2354 sed
653 2287 767 2354 eodem
789 2303 882 2356 vento
903 2285 1039 2381 frigido,
1063 2311 1126 2380 quo
1148 2287 1230 2356 rami
1252 2302 1469 2382 perstrepunt,
1492 2286 1622 2356 [rondes
1646 2313 1818 2358 concussae
1841 2290 1930 2384 cogi·

176 2417 292 2472 tantur.
333 2399 538 2468 Glossemate
561 2396 623 2464 isto
646 2395 757 2480 eiecto,
781 2395 868 2464 obvii
890 2412 963 2465 sunt
984 2397 1107 2466 numeri
1129 2396 1293 2491 Sapphici,
1316 2421 1396 2492 quos
1419 2413 1646 2492 persanaturus
1670 2398 1815 2494 Scaliger
1834 2399 1930 2498 ὕδωρ

177 2527 251 2581 ante
273 2508 363 2607 α’μφὶ
390 2504 600 2602 transposuit,
626 2503 837 2574 Blomlieldus
865 2505 947 2575 inter
967 2505 1062 2602 ὕδωρ
1091 2522 1123 2575 et
1144 2502 1286 2604 ψυχρύν
1312 2507 1460 2576 lacunam
1475 2495 1605 2578 statuit.
1651 2508 1752 2600 Quod
1771 2507 1931 2604 reliquum

177 2635 243 2704 est,
270 2617 309 2692 δι’
331 2617 446 2688 datter
466 2620 627 2705 μαλίνων
650 2614 803 2684 dederunt
825 2614 1025 2710 Stephanus,
1052 2616 1207 2701 Ursinus,
1236 2615 1395 2710 Scaliger:
1427 2633 1459 2686 et
1478 2624 1639 2706 μαλίνων
1662 2618 1790 2712 quidem
1813 2620 1929 2688 confir·

177 2744 246 2798 mat
267 2727 338 2796 cod.
361 2723 678 2795 Caio-Gonvilensis
701 2749 754 2821 ap.
771 2724 1008 2811 Blomlieldum,
1031 2742 1064 2795 et
1083 2725 1284 2797 Scholiastae
1301 2717 1515 2820 Hermogenis
1538 2728 1609 2797 cod.
1631 2727 1738 2796 Paris.
1757 2737 1850 2812 1983.
1874 2754 1928 2826 ap.

177 2837 327 2908 Bastium
349 2836 390 2904 ad
415 2835 551 2928 Gregor.
574 2861 607 2930 p.
633 2843 716 2920 585,
751 2860 884 2929 quorum
905 2835 1062 2931 posterior
1091 2835 1184 2904 simul
1206 2834 1316 2906 lenem
1344 2836 1488 2931 spiritum
1509 2837 1655 2908 vocabuli
1681 2837 1794 2911 ύσδιον
1821 2839 1928 2910 ollert.

150 2937 151 2942 ἵ
176 2948 315 3018 laurita
337 2945 504 3017 scribenda
526 2960 615 3018 eruut
636 2945 762 3016 omuiae
1124 3019 1126 3024 ¹

704 3051 813 3152 Ἀμφὶ
834 3055 872 3125 δέ
893 3052 1038 3151 ψυχρὸν
1059 3062 1201 3127 κελαδεῖ
1219 3047 1258 3126 δι’
1271 3047 1384 3128 heder

704 3168 875 3253 μαλίνιον,
905 3160 1169 3254 αι’θυσσομένῶν
1190 3165 1229 3236 dd
1250 3163 1393 3262 φύλλων

707 3273 808 3362 κῶμοι
830 3279 1013 3372 καιαῤῥεῖ.
1917 3334 1920 3340 ,

180 3389 314 3462 Circum
335 3395 451 3458 autem
460 3382 602 3481 firpr'da
625 3407 712 3452 aura
733 3387 852 3477 strepit
866 3408 935 3477 μιν
954 3409 1069 3458 mmos
1092 3385 1185 3470 mali,
1210 3387 1453 3480 concussisque
1461 3385 1651 3482 frondibus
1673 3412 1781 3480 sopor
1802 3390 1928 3482 depluat.

310 3716 493 3785 Athenaeus
509 3713 567 3786 XI.
590 3741 624 3810 p.
644 3714 720 3794 46³.
736 3739 764 3784 e.
787 3714 922 3788 aliorum
944 3732 1110 3810 poetarum
1132 3715 1285 3801 versibus,
1308 3717 1342 3784 in
1361 3716 1473 3811 quibus
1487 3713 1626 3785 Veneris
1650 3719 1765 3812 gaudia
1788 3747 1857 3790 curn
1881 3721 1925 3790 vi-

176 3823 354 3922 nipotioue
372 3826 609 3918 coniunguntur,
632 3824 711 3894 haec
731 3824 852 3893 adiicit:
887 3829 958 3894 Kal
978 3822 1069 3896 καιοῖ
1089 3821 1153 3922 τήν
1171 3823 1285 3923 καλήν
1300 3821 1364 3897 οὖν
1382 3824 1525 3923 Σαπφώ·
1547 3824 1670 3911 Ἐλθέ,
1694 3829 1818 3926 Κύπρι,
1840 3857 1927 3927 χρυ·

176 3940 318 4007 σείαισιν
348 3936 387 4005 ἐν
415 3940 608 4006 κυλίκεσσιν
636 3937 765 4033 ᾰβροῒς
795 3937 1073 4024 συμμεμιγμένον
1098 3939 1257 4006 θαλίαισι
1286 3938 1417 4032 νέκταρ
1446 3933 1653 4028 οἰνοχοοῦσα
1682 3939 1827 4011 τούτοισι
1855 3951 1927 4022 τοῖς

176 4050 324 4142 ἑταίροις
346 4045 442 4132 ε’μοῒς
462 4073 500 4136 χε
522 4047 582 4114 καί
603 4043 684 4126 σοῖς.
1911 4093 1913 4098 -

310 4151 531 4222 Exhibuerunt
547 4153 626 4222 haec
644 4170 770 4248 praeter
786 4169 908 4222 ceteros
925 4151 1103 4223 Bnmclrius
1119 4153 1226 4221 Anall.
1250 4153 1295 4221 Τ.
1310 4152 1336 4220 l.
1354 4179 1387 4248 p.
1405 4153 1458 4222 56.
1481 4171 1512 4223 et
1531 4155 1570 4223 A.
1588 4155 1801 4226 Schneiderus
1819 4160 1926 4228 select.

176 4291 274 4336 carun.
296 4292 330 4360 p.
352 4277 405 4344 19.
458 4261 753 4356 Heudecasyllabos
774 4260 956 4359 Sapphicos
978 4263 1181 4331 restituerunt
1207 4261 1422 4332 Grotelendus
1446 4263 1479 4331 in
1503 4264 1793 4359 Schweighaeuseu'
1816 4287 1925 4339 annot.

175 4392 207 4446 et
227 4373 404 4468 Volgerus.
448 4370 486 4438 In
516 4371 672 4466 principio
700 4372 794 4465 igitur
820 4373 982 4466 corrigtmt
1003 4376 1221 4468 χρυσίαισινι
1250 4373 1413 4466 inscriptio
1437 4372 1578 4467 Cymaea
1600 4376 1632 4442 in
1655 4376 1695 4460 ll,
1719 4390 1768 4444 15.
1797 4379 1926 4449 laudata

176 4485 406 4556 dubitationem
426 4481 534 4565 iniicit,
558 4507 600 4548 an
620 4481 723 4549 verius
749 4481 788 4548 sit
812 4490 1018 4578 χρυσίαισιν,
1041 4501 1076 4553 ut
1097 4482 1152 4551 illa
1174 4482 1271 4552 habet
1293 4482 1442 4579 χρύσισς,
1464 4482 1618 4574 χάλκιος,
1640 4486 1848 4585 μαρμάριος,
1869 4490 1926 4559 lin.

144 4688 145 4696 ρ
176 4601 206 4664 Β.
233 4609 284 4662 33.
304 4605 357 4662 35.
378 4591 430 4662 36.
461 4608 493 4662 et
516 4591 587 4686 ipsa
611 4587 745 4684 Sappho
769 4589 883 4684 fragm.
906 4591 996 4662 XXI.
1019 4599 1236 4692 πορφυρίαν,
1269 4619 1461 4689 quamquam
1483 4591 1559 4662 alibi
1581 4597 1666 4690 apud
1688 4622 1758 4665 eam
1781 4600 1928 4670 scribitru·

1675 4799 2105 5290 ,Α
