4242 5300
220 435 226 440 ’
321 429 438 505 Solent
456 445 570 523 poetae
593 429 757 513 adieciiva,
789 431 902 524 quibus
924 431 1152 523 magnitudinis
1176 430 1227 499 vel
1250 428 1458 499 multitudinis
1481 427 1650 497 admiratio
1673 429 1827 522 proditur,
1861 429 1937 497 sub-

90 617 94 624 ,
187 541 336 612 stantivis
367 541 431 610 suis
461 537 649 632 postposita,
683 537 770 606 nulla
798 538 911 632 copula
939 541 1150 610 intercedente
1182 539 1355 609 cumulare:
1391 537 1494 632 qualis
1524 554 1573 606 est
1600 537 1739 607 formula
1762 537 1938 608 Homerica

74 724 78 733 f
186 655 287 743 ἔγχος
315 646 439 746 βριθι),
466 650 566 739 μέγα,
597 645 776 742 στιβαρόν,
806 665 837 716 et
858 647 929 732 boc,
961 652 999 719 e’r
1022 646 1050 720 θ
1074 649 1257 746 άνθριοιισι
1280 653 1414 730 πολλοὶ,
1444 645 1644 744 ἀπειρέσιοι,
1682 645 1805 740 Οάφὲε.
1820 678 1849 717 τ.
1864 662 1937 729 171.

188 757 304 852 Neque
328 749 476 851 sequente
507 756 705 825 substantivo
730 757 861 852 copulae
884 759 1017 826 omissio
1040 760 1248 854 vituperanda
1270 774 1329 841 cst,
1358 758 1487 850 quando
1510 758 1665 827 adiectiva
1693 781 1759 824 non
1782 773 1857 824 sunt
1876 781 1937 825 no·

187 871 282 938 minis
306 867 455 960 epitheta,
480 866 536 933 sed
559 867 716 934 enunciati
737 867 953 960 praedicatrun
969 866 1121 936 efficiunt:
1145 884 1340 962 quapropter
1360 883 1471 936 nostro
1494 866 1565 936 loco
1588 891 1654 934 non
1676 866 1935 935 damnaverimus

188 975 285 1050 πόλλ’
308 973 495 1071 ἀνάριθμα
517 975 692 1059 coniuncta,
723 975 870 1044 simodo
894 975 1047 1044 vocablrlo
1070 977 1215 1075 ποτήρια
1237 971 1437 1045 enunciatum
1458 975 1687 1068 concludatur..
1718 975 1786 1046 Sed
1799 974 1864 1044 alio
1880 1001 1937 1044 vo·

187 1087 311 1175 cabulo,
339 1085 403 1154 alia
433 1083 587 1178 particula
615 1085 786 1169 interiecta,
825 1086 940 1178 ubique
970 1089 1029 1155 καὶ
1060 1087 1196 1156 additur.
1242 1082 1349 1155 Nemo
1388 1086 1467 1154 dixit
1504 1082 1618 1157 πολλά
1647 1083 1715 1181 γάρ
1737 1082 1938 1181 ἀνάριθμα,

186 1194 300 1270 πολλά
321 1194 349 1267 δ’
372 1193 569 1290 ἀνάριθμα,
609 1193 667 1262 scd
690 1190 804 1266 πολλοὶ
833 1195 872 1266 ds'
897 1199 955 1265 καὶ
983 1193 1016 1265 ά.
1064 1192 1143 1264 Νοο
1165 1198 1352 1266 adversatur
1373 1181 1534 1264 Homerus
1558 1195 1652 1263 Iliad.
1666 1205 1698 1265 λ.
1711 1209 1786 1276 307.
1803 1190 1938 1266 arctaris

186 1309 226 1380 δι’
246 1305 347 1404 τρόφι
369 1306 463 1393 κῦμα
485 1309 691 1385 κυλίνδεται,
717 1329 793 1372 nam
819 1303 950 1397 epitheti
972 1303 1074 1402 τρόφι
1097 1299 1152 1372 rel·
1169 1303 1319 1402 τροφόεν
1340 1306 1445 1373 undae
1468 1304 1577 1374 tributi
1599 1305 1648 1372 vis
1672 1302 1840 1387 obsolevit,
1878 1328 1936 1397 pa·

185 1417 264 1484 riter
286 1433 379 1508 atquc
404 1414 526 1506 Odyss.
542 1445 573 1511 η.
588 1428 639 1488 311.
656 1413 784 1481 navium
811 1413 950 1508 epitheta
978 1415 1105 1510 θοῇσιν
1131 1431 1163 1483 ct
1184 1413 1341 1508 ιὸκειρσιν
1369 1413 1511 1507 disiungi
1537 1429 1685 1507 poteraut
1710 1429 1843 1508 propter
1864 1439 1937 1507 per·
1993 1461 1998 1468 -

187 1542 315 1620 potuum
331 1523 458 1592 alterius
474 1547 575 1606 usum,
600 1547 695 1615 qnare
712 1521 889 1616 Sophocles
915 1529 1039 1617 quoqne
1055 1525 1145 1592 Aine.
1159 1539 1236 1604 710.
1252 1525 1420 1592 coniuncta
1441 1523 1563 1591 nomini
1585 1523 1780 1616 praeposuit.
1810 1521 1938 1592 Eadem

186 1634 355 1729 explicatio
387 1627 538 1700 adhiberi
559 1647 664 1724 potest
694 1631 846 1725 Apollon.
863 1631 971 1700 Rhod.
984 1633 1045 1718 IV,
1066 1645 1159 1714 1705.
1175 1629 1288 1724 πολλά
1311 1630 1340 1703 θ
1363 1637 1398 1710 ἐς
1425 1629 1609 1730 Ὀρτυγίην
1635 1629 1813 1728 αἰτερεάιια
1842 1633 1938 1726 δῶρα

188 1743 371 1834 κομίσσειν.
414 1741 525 1833 Itaque
557 1742 642 1834 apud
673 1741 881 1835 Sapphonem
910 1758 965 1810 aut
988 1742 1188 1810 scribendum
1210 1759 1259 1811 est
1281 1740 1379 1814 πόλλ’
1400 1740 1587 1838 ἀνάριθμα
1596 1757 1663 1831 'aut
1686 1739 1798 1812 πολλοὶ
1819 1741 1859 1812 δὲ
1879 1745 1939 1812 καὶ

188 1853 385 1949 α’νάριθμα.
429 1848 624 1918 Alterutrum
650 1848 761 1918 barum
788 1851 1044 1919 emendationum
1074 1852 1171 1921 etiarn
1195 1868 1330 1920 metrum
1355 1851 1489 1944 flagitat,
1524 1851 1610 1944 quod
1638 1848 1731 1944 quale
1760 1852 1813 1935 sit,
1837 1850 1936 1920 Athe·

188 1987 286 2032 naeus
316 1961 520 2043 demunstrat,
560 1960 635 2026 dum
665 1985 682 2028 e
711 1958 962 2029 libro.secundo
991 1959 1096 2028 locum
1125 1962 1349 2055 depromptum
1371 1961 1457 2030 dicit.
1501 1960 1539 2029 ln
1562 1960 1623 2028 bne
1646 1976 1751 2028 autem
1772 1964 1936 2058 καλαίφις

188 2089 238 2142 est
260 2073 294 2141 iu
317 2070 389 2138 cdd.
404 2069 484 2137 Bas.
501 2065 648 2152 etVen.‚
681 2069 757 2138 item
787 2070 821 2138 iu
845 2069 1138 2166 Schweighaeuseri
1165 2071 1234 2139 cod.
1250 2071 1306 2154 Α.,
1341 2071 1403 2139 uisi
1428 2069 1515 2162 quod
1537 2070 1666 2139 dubium
1688 2086 1747 2154 est,
1777 2095 1819 2138 an
1842 2070 1875 2139 in
1897 2094 1935 2138 eo

187 2182 360 2278 penultima
382 2176 579 2270 circrunllcxo
603 2178 757 2269 signetur3
781 2204 797 2246 e
820 2179 891 2247 cod.
907 2178 1041 2248 Fames.
1056 2187 1243 2276 καλλαῖφις
1265 2196 1397 2249 annotat
1419 2179 1568 2265 Ursinus,
1598 2193 1736 2247 veterem
1757 2178 1935 2264 lectionem,

187 2294 341 2362 incertum
362 2289 448 2358 euius
472 2287 556 2370 libri,
585 2295 760 2383 καλλεφης
783 2313 853 2355 esse
877 2289 986 2356 scribit
1007 2288 1231 2357 Casaubonus.
1277 2288 1344 2378 Qui
1365 2289 1435 2383 ipse
1459 2288 1547 2374 dedit
1567 2285 1670 2375 καλά,
1700 2293 1774 2387 ἔφη,
1800 2289 1828 2356 F
1830 2288 1936 2357 iorillo

186 2399 263 2474 κάλ’
286 2409 373 2498 ἴφια,
397 2394 715 2489 Schweighaeuscrus
737 2393 829 2468 καλά
848 2393 946 2495 Ἶφις,
969 2396 1220 2490 Dalcchampins
1243 2403 1431 2496 Καλαίφφς
1452 2416 1614 2492 tamquam
1642 2398 1806 2492 proprium
1832 2397 1935 2466 honri-

188 2513 239 2583 uis
263 2534 391 2592 nomen,
422 2505 552 2574 verbum
576 2499 727 2598 supplens
751 2505 875 2573 hausit.
923 2507 1003 2574 Tali
1026 2517 1102 2574 sane
1126 2506 1224 2575 verbo
1246 2507 1521 2601 indigemus,'nec
1543 2523 1648 2576 tamen
1671 2523 1720 2576 est
1742 2507 1934 2576 extunsecus

190 2618 415 2716 quaerendum.
459 2614 568 2707 Ipsum
599 2615 682 2682 enim
712 2621 883 2713 καλαίφφς
912 2615 962 2683 vel
993 2622 1187 2714 καλλαίφης
1207 2615 1372 2685 Aeolicum
1402 2633 1451 2685 est
1473 2643 1532 2711 pro
1555 2615 1677 2710 vulgari
1698 2613 1937 2696 recalcitrans.

187 2728 343 2826 λαιφάζιο
374 2751 412 2793 cx
439 2720 597 2792 Nicandri
629 2723 728 2794 Ther.
744 2740 820 2807 tm.
836 2724 958 2818 profert
981 2725 1193 2795 Scbncidcrus
1217 2727 1250 2794 in
1271 2724 1401 2810 Lexico,
1439 2752 1573 2820 quocum
1596 2751 1784 2819 componere
1807 2725 1882 2796 licet
1903 2733 1935 2794 e't

185 2835 336 2935 Λαιφάιο
352 2851 382 2904 et
397 2839 555 2932 λαίφφμι.
599 2833 809 2928 Duplicamus
833 2827 860 2903 I
892 2839 1063 2907 secundum
1085 2837 1155 2904 cod.
1171 2835 1199 2902 F
1202 2862 1316 2918 ames,
1344 2835 1430 2904 cuins
1453 2836 1516 2905 uisi
1539 2851 1731 2905 succurreret
1753 2835 1934 2919 auctoritas,

188 2973 255 3016 nou
284 2944 454 3014 reiieicnda
485 2960 570 3011 essct
599 2943 701 3013 altera
731 2945 895 3038 scriptura,
930 2943 1042 3012 similis
1066 2944 1121 3014 illa
1143 2944 1232 3013 verbi
1260 2951 1432 3038 καβαίνιο,
1468 2945 1555 3039 quod
1576 2946 1609 3014 in
1631 2943 1796 3014 Alouanis
1819 2943 1934 3036 fragm

189 3055 349 3125 XXXIV.
363 3050 501 3122 Welek.
517 3051 641 3146 legitur.
688 3052 853 3143 Quoniam
875 3071 981 3124 autem
1003 3054 1157 3124 adiectiva
1179 3055 1241 3122 ista
1263 3054 1473 3148 epithetomm
1495 3053 1565 3124 loco
1587 3052 1737 3122 habenda
1760 3069 1842 3138 sunt,
1868 3077 1935 3122 nou

189 3164 327 3260 amplius
350 3163 439 3258 optio
462 3163 564 3247 datur,
587 3178 691 3230 utram
713 3164 967 3232 emendationem
989 3163 1161 3258 praeferas,
1186 3165 1243 3232 scd
1265 3164 1479 3234 necessarimn
1501 3162 1617 3233 sithoc
1639 3162 1799 3234 scribendi
1819 3186 1935 3256 genus:

513 3273 515 3280 ’
856 3277 859 3284 ’
899 3269 1026 3344 Πολλά
1048 3273 1088 3344 δέ
1108 3277 1167 3344 καὶ
1189 3270 1376 3369 ἀνάριθμα
1397 3269 1543 3371 ποτήρια

736 3387 939 3482 καλλαίφης.

186 3497 309 3602 Multa·
327 3517 405 3564 vero
430 3503 465 3561 et
486 3491 670 3561 ιἰιιιιιιιισνα
686 3493 818 3583 pocula
838 3493 951 3584 glutis.
1738 3465 1746 3496 ⁸

1012 3711 1108 3783 XVI.

319 3820 386 3889 Dio
404 3820 654 3916 chrysostomus
678 3821 774 3891 Orat.
791 3819 966 3892 XXXVII.
987 3839 1066 3892 extr.
1097 3819 1318 3895 Μνάσασθαί
1334 3850 1415 3894 τινα
1436 3821 1533 3921 φάμη
1554 3823 1614 3892 recl
1635 3824 1754 3918 ἕτερον
1775 3819 1935 3912 άμμέων·

187 3928 282 4004 πάνυ
304 3928 371 4026 γάρ
392 3933 506 4009 καλῶς
527 3931 618 4004 εἶπεν
639 3932 662 4031 ἦ
689 3930 829 4029 Σαπφώ.

320 4036 389 4106 Pro
411 4039 520 4132 inepto
542 4041 649 4139 φάμφ,
673 4042 760 4136 quod
782 4041 869 4133 apud
891 4038 1066 4109 Morcllum
1088 4039 1211 4132 legitur,
1233 4056 1317 4112 recte
1341 4040 1553 4112 Casaubonus
1577 4046 1676 4140 φαμί.
1718 4040 1783 4110 Ed.
1805 4040 1934 4110 Veneta

188 4153 284 4249 φημί.
330 4147 396 4217 Sed
418 4149 515 4217 etiam
537 4150 633 4218 verba
654 4154 714 4223 καὶ
735 4156 854 4247 ἕτερον
881 4149 948 4218 iure
971 4148 1174 4218 offenderunt
1195 4149 1393 4246 Volgcrumr
1426 4152 1496 4245 quis
1521 4153 1606 4220 cuim
1635 4168 1684 4220 cst
1706 4151 1776 4236 illc,
1808 4167 1935 4245 praeter

189 4284 285 4354 quern
307 4255 388 4326 alius
413 4282 538 4351 quoquc
561 4261 701 4351 poetriae
724 4259 966 4331 recordabitur?
990 4259 1027 4328 si
1050 4260 1170 4351 cogitas
1192 4259 1317 4353 ipsam:
1338 4277 1372 4330 at
1393 4259 1454 4329 hoe
1476 4261 1632 4330 absonum
1654 4277 1703 4330 cst
1726 4259 1839 4356 dicere,
1862 4283 1933 4330 esse

189 4385 317 4464 praeter
337 4383 464 4436 uosmet
488 4369 588 4460 ipsos,
613 4369 667 4461 qui
689 4371 790 4438 nostri
812 4369 1023 4437 meminerint.
1048 4369 1130 4438 ¹Sin
1153 4387 1257 4437 autern
1284 4370 1547 4439 obtrectatoribus
1577 4387 1706 4464 putatur
1727 4371 1932 4465 respondere,

188 4477 268 4547 nibil
298 4502 332 4546 se
363 4477 490 4546 illorum
513 4475 689 4544 simultates
712 4504 841 4562 curare,
873 4479 947 4572 quia
970 4479 1024 4546 alii
1047 4479 1111 4546 sint
1140 4479 1304 4546 benevolis
1340 4481 1438 4549 atita
1461 4504 1575 4572 vagum
1596 4481 1699 4548 nimis
1724 4497 1773 4548 est
1802 4479 1933 4549 verbum

188 4585 407 4676 μνάσασθαι,
437 4610 540 4679 neque
564 4586 710 4655 convenit
732 4587 783 4670 iis,
807 4611 886 4678 quae
910 4589 1052 4681 proxime
1076 4605 1260 4682 antegressa
1283 4589 1368 4683 apud
1389 4587 1548 4658 rhetorem
1570 4588 1655 4658 linea
1679 4591 1718 4658 dc
1741 4587 1835 4659 laude
1858 4588 1931 4658 Ari·

187 4710 274 4765 strae
297 4721 460 4792 uunquam
481 4695 647 4766 interitura
668 4695 901 4790 praedicantur.
943 4697 1152 4766 Meminimus
1175 4715 1288 4783 auternv
1302 4698 1553 4790 praeteritorum,
1577 4700 1678 4802 nostri
1701 4700 1797 4793 igitur
1819 4699 1931 4772 uremi-
