4274 5290
1031 255 1090 349 83

181 480 215 538 et
229 461 341 532 Pauw.
358 463 518 557 proditum
538 462 707 556 genuinum
729 478 789 550 est,
818 479 908 534 taum
936 464 1111 534 mirabilius
1142 463 1205 550 fiet,
1237 464 1332 558 quod,
1363 464 1491 558 reliquis
1517 466 1663 534 omuibus
1685 467 1718 534 in
1742 467 1840 564 ipsius
1859 495 1933 539 ora·

183 573 268 643 tione
293 572 459 665 diligenter
481 572 641 668 repetitis,
672 573 776 642 solum
803 572 865 644 hoc
886 599 995 643 versus
1017 575 1147 643 secundi
1166 574 1342 642 membrum
1364 574 1497 643 alterum
1518 575 1679 643 omittitur.
1724 577 1809 647 Fieri
1830 597 1933 648 aritem

56 681 60 690 ’
182 698 298 778 potest,
321 699 357 750 ut
378 682 448 778 ipse
470 681 699 776 scriptorxeam
722 682 928 752 offensionem
947 683 1098 780 leviorem
1121 683 1274 767 habuerit,
1303 683 1331 751 si
1352 683 1438 752 sorte·
1458 683 1589 752 articulo
1611 689 1839 780 praeponendo
1863 713 1935 757 cam

183 792 338 860 removeri
353 817 450 886 posse
466 791 690 860 arbitrabatur.
736 789 825 862 Nam
848 792 908 862 hoc
931 789 1059 886 quidem
1085 819 1122 860 ex
1145 793 1443 862 commemoratione
1464 794 1628 861 incisionis
1644 812 1741 890 patet,
1762 786 1824 864 islo
1840 823 1935 896 versu

184 900 459 998 Hephaestionem
479 901 522 968 uti
547 916 710 994 tamquam
735 901 931 970 luculentiori
947 927 1022 969 suae
1039 902 1259 995 descriptionis
1276 902 1475 986 documento,
1498 929 1743 996 perversamque
1759 931 1830 973 esse
1847 905 1933 975 Tur·

183 1011 257 1080 nebi
279 1009 461 1096 lectionem,
491 1009 545 1080 ὅτι
564 1006 606 1080 ου’
631 1007 813 1102 σύγκειται.
856 1011 922 1080 Sed
947 1011 1162 1095 Hermannus,
1195 1010 1299 1078 Elem.
1317 1011 1416 1078 doctr.
1432 1027 1521 1076 metr.
1538 1037 1571 1104 p.
1586 1011 1661 1096 602,
1687 1036 1880 1106 quamquam
1903 1031 1935 1084 et

183 1119 253 1215 ipse
277 1120 317 1188 de
342 1120 556 1190 contractione
583 1119 739 1188 vocalium
761 1111 819 1190 ἷόι
849 1136 883 1188 et
912 1116 957 1190 ἷοῖ
973 1120 1135 1213 cogitavit,
1174 1120 1248 1212 quia
1277 1145 1342 1187 non
1367 1119 1459 1188 dubie
1481 1119 1715 1214 Hephaestioni
1739 1149 1776 1190 ex
1803 1123 1933 1218 reliquis

184 1229 332 1300 carminis
356 1229 499 1298 versibus
523 1229 603 1298 satis
624 1229 800 1298 constiterit
821 1229 859 1298 de
882 1227 987 1298 sonna
1009 1229 1111 1313 metri,
1135 1228 1214 1296 illud
1231 1226 1295 1323 'pro
1320 1229 1483 1324 explorato
1507 1228 1689 1298 habendum
1712 1249 1829 1318 oenset,
1850 1250 1934 1303 recte

184 1365 256 1408 eum
278 1355 413 1407 metrum
434 1339 661 1434 descripsisse:
691 1338 724 1408 iu
749 1339 839 1406 tertio
863 1355 970 1408 tamen
993 1365 1096 1423 versu,
1127 1338 1276 1432 qrromam
1299 1338 1442 1406 scabrior
1471 1338 1514 1406 ibi
1541 1339 1583 1406 sit
1605 1338 1739 1408 thesium
1760 1344 1935 1428 concursio,

183 1445 324 1520 ἅπασαι
350 1447 561 1531 scribendum,
590 1463 626 1516 ut
647 1451 788 1521 Λυδίαν
809 1448 1000 1542 disyllabum
1020 1448 1184 1517 habeatur.
1228 1446 1354 1516 Verum
1374 1447 1486 1515 melius
1511 1448 1618 1515 omnia
1641 1451 1785 1542 expediri
1804 1452 1930 1538 iudicat,

61 1591 63 1596 ’
185 1557 215 1626 si
237 1573 366 1626 retento-
382 1558 512 1651 antiquo
535 1558 662 1644 πᾶσαν,
698 1574 730 1626 et
756 1555 986 1652 syneephonesi
1008 1558 1146 1652 probata
1174 1558 1208 1627 iu
1233 1582 1333 1625 uersu
1361 1573 1510 1650 utroque,
1542 1556 1697 1626 alternare
1729 1560 1791 1627 dno
1819 1560 1935 1629 similia

184 1683 286 1736 metra
318 1668 543 1752 existimentur,
575 1689 707 1759 quorum
736 1663 870 1734 alterum
898 1667 932 1734 in
957 1668 1101 1734 ordinem
1132 1667 1313 1752 iambicum,
1355 1665 1488 1734 alterurn
1510 1666 1543 1734 in
1571 1665 1810 1761 ithyphallieum
1834 1687 1934 1740 exeat.

184 1776 324 1848 Secundi
344 1777 439 1870 igitur
460 1799 570 1843 versus
594 1789 719 1869 partem
734 1773 868 1843 alteram
883 1774 929 1842 sic
951 1775 1091 1866 refingitr
1121 1775 1235 1861 Κλεῒς,
1260 1773 1367 1854 Krete
1387 1772 1559 1864 u'yurruru‘.
1605 1776 1796 1846 Hotchlrisio
1812 1779 1937 1874 placete

184 1888 285 1965 αλοές
314 1915 352 1958 τι
377 1881 569 1976 κᾰχοιιριά.
614 1883 646 1951 T
649 1899 736 1951 otum
763 1909 887 1951 versum
919 1884 963 1952 ita
992 1883 1102 1952 scribit
1127 1881 1310 1952 Bentleius:
1346 1881 1478 1978 ἐμφερῆ
1498 1889 1618 1973 ἔχοιςα
1639 1879 1813 1983 μορΙφιὶν,ι
1829 1887 1935 1969 Krete

183 1992 363 2092 ’ἀγαπητοί
397 1991 608 2088 Tyrwhittus:
631 1994 763 2090 ἐμφερῆ
776 1990 908 2080 μάλιστ’
930 1997 1053 2084 ἔχοισα
1073 1995 1078 2083 l
1096 1990 1240 2088 μορφάν
1255 1991 1359 2070 Krete
1379 1989 1549 2090 tt'yuuoerrr'.
1582 1991 1809 2062 Blomlieldus:
1832 2000 1934 2095 ἐμφε-

182 2103 231 2202 ρῆ
247 2099 387 2202 prepucia
403 2111 534 2194 ἔχοισα,
550 2101 655 2182 Knrs
674 2102 762 2192 [μέν]
778 2099 950 2192 ᾰχαιιατᾶ.
985 2102 1103 2170 Hiatus
1119 2127 1184 2171 nou
1202 2117 1270 2170 erat
1284 2099 1453 2185 tollendus,
1478 2099 1565 2168 cuius
1580 2100 1614 2168 in
1629 2102 1694 2168 arsi
1709 2105 1869 2174 trochaica
1884 2110 1935 2176 vel

182 2213 320 2282 iambica
348 2213 493 2307 exempla
516 2238 553 2280 ex
572 2211 717 2281 Pindaro
742 2235 866 2305 quoque
889 2211 1044 2306 praebent
1064 2211 1269 2280 Hermanuns
1294 2209 1338 2280 ad
1359 2208 1464 2303 Orph.
1489 2236 1522 2303 p.
1540 2223 1617 2291 722.
1639 2227 1671 2278 et
1690 2210 1869 2282 Boeclrhius
1894 2218 1937 2285 de'

183 2339 275 2392 metr.
289 2321 387 2390 Pind.
411 2348 444 2416 p.
462 2335 535 2390 102.
579 2321 705 2390 Versus
734 2321 829 2417 primi
852 2338 941 2415 parte
965 2337 1105 2390 extrema
1127 2322 1223 2390 utitur
1240 2319 1367 2388 Plotius
1390 2346 1424 2414 p.
1443 2318 1541 2386 2663.
1568 2320 1612 2387 ita
1640 2321 1799 2390 scribens:
1832 2323 1935 2392 Com-

178 2433 330 2523 positum
346 2432 587 2502 Susuriom'um
597 2432 648 2524 fit
667 2443 828 2523 quattuor
839 2431 987 2521 pedibus
1011 2430 1190 2498 trochaicis
1208 2429 1415 2519 praepositis
1439 2439 1472 2496 σί
1493 2428 1674 2496 subiuncta
1694 2432 1934 2520 penthemime-

184 2544 257 2612 n'co
280 2542 471 2666 dactyltcor
500 2544 696 2649 χρυσέοισιν
715 2535 1006 2630 &abducerentur
1024 2541 1134 2628 Θέμιν
1152 2537 1333 2637 οὐρανίαν.
1365 2538 1489 2606 Ibidem
1505 2537 1652 2632 χρύσεος
1669 2563 1734 2608 non
1749 2557 1798 2608 cst
1811 2542 1934 2611 univer·

184 2672 254 2720 sum
278 2651 419 2720 omnium
442 2631 555 2719 florum
579 2649 757 2744 epitheton,
787 2650 877 2719 sed
867 2665 953 2718 ruxta
974 2649 1129 2718 collocata
1161 2664 1235 2717 suut
1264 2673 1353 2716 more
1383 2647 1504 2742 antiqui
1533 2649 1704 2735 sermonis,
1736 2674 1816 2745 quae
1841 2651 1935 2747 vulgo

184 2787 281 2831 unum
308 2762 342 2831 iu
365 2760 553 2832 vocabulum
573 2761 765 2837 coalescunt.
808 2758 896 2829 Vide
920 2753 1073 2830 Lubeclrii
1096 2774 1238 2828 annotat.
1254 2758 1297 2828 ad
1311 2756 1483 2853 Phrynich
1499 2783 1532 2852 p.
1524 2770 1620 2826 droa.
1637 2767 1760 2828 381.

317 3085 517 3186 Hephaestio
532 3117 565 3188 p.
584 3103 657 3157 102
711 3085 761 3160 Τὸ
783 3090 819 3172 ἐξ
844 3083 1085 3186 ι’θιιφαλλαῶν
1107 3084 1170 3158 δύο
1190 3085 1212 3182 ἡ
1236 3085 1367 3184 Σαπριό
1379 3091 1553 3181 uruntque·

637 3199 751 3297 Δεῦρο
778 3196 821 3295 δή
846 3197 939 3284 αὖτε,
963 3203 1106 3280 Μοῖσαι,
1127 3194 1277 3292 χρύσεον
1301 3203 1458 3266 ammon..
1571 3229 1574 3236 ’

182 3311 265 3380 Huc
292 3335 429 3395 rursus,
459 3310 601 3392 Musae,
632 3333 777 3378 nuruum
816 3308 1048 3399 ralinquentes.
1094 3305 1254 3400 Supplent
1279 3305 1378 3393 δῶμα
1407 3302 1546 3401 πατρός.
1590 3304 1654 3374 Ed.
1679 3306 1760 3376 lunt.
1785 3321 1817 3376 et
1839 3309 1932 3376 codd.

183 3423 302 3518 δηῦτε,
335 3423 373 3490 de
403 3444 465 3514 quo
496 3403 568 3488 vide
598 3435 750 3486 annotata
768 3417 841 3502 inl,
861 3425 911 3484 18.
957 3415 1042 3486 Cum
1067 3415 1218 3484 adverbio
1241 3414 1344 3510 deripe
1376 3412 1455 3482 nihil
1477 3414 1625 3509 impedit,
1657 3417 1840 3509 quominus.
1856 3441 1931 3486 con·

184 3547 323 3600 struatur
344 3530 548 3625 imperativus
571 3526 725 3624 pluralis:
756 3527 814 3596 sed
845 3525 1006 3596 Graecum
1038 3549 1104 3594 non
1135 3541 1194 3610 est,
1225 3525 1312 3620 quod
1333 3540 1459 3617 praeter
1481 3523 1633 3593 librorum
1662 3525 1756 3594 fidem
1777 3525 1933 3620 vulgatur,

185 3640 288 3738 deripe
310 3639 414 3713 desire.

188 4024 192 4038 .
316 3936 568 4064 Hephaestiop.
587 3975 640 4036 25.
679 3959 928 4064 Καταληκιαα
949 3972 1107 4036 καλεῖται
1132 3902 1252 4062 μιέιρα,
1284 3960 1355 4034 ὅσα
1374 3963 1609 4052 μιμειωμένον
1636 3966 1708 4052 ἔχει
1734 3991 1797 4076 τον
1816 3974 1934 4038 τελεα-

149 4095 153 4102 ’
183 4089 287 4154 rator
313 4077 413 4166 ιιόδα,
444 4078 520 4148 οἷον
542 4077 596 4148 ἐπὶ
622 4073 809 4166 ιάμβσιοῦ·

627 4189 840 4281 Χαέροισθα,
870 4183 1001 4282 νύμφα,
1031 4186 1181 4328 χαιρέτω
1205 4179 1278 4255 δ’
1258 4213 1277 4254 ο
1299 4179 1470 4276 γαμβρός.

183 4299 346 4374 ἐνταῦθα
369 4294 436 4394 χοῖρ
456 4327 478 4390 η
470 4297 586 4391 βρος
604 4300 791 4367 τελευταία
803 4292 1001 4392 σαλλαβή’
980 4299 1057 4366 ανιι
1079 4294 1164 4364 ὅλου
1186 4289 1291 4371 nodos
1315 4287 1484 4383 ιάμβικοῦ
1503 4297 1624 4361 κειται.

182 4411 298 4493 Saloe,
329 4431 471 4498 sponsa,
502 4407 638 4474 salvere
661 4405 761 4472 iubeo
785 4424 959 4492 sponsum.
1003 4403 1091 4472 luter
1119 4401 1284 4497 Sapphica
1313 4399 1461 4469 exhibent
1492 4400 1631 4468 Ursinus
1663 4417 1694 4468 ct
1712 4400 1933 4471 Blomfieldus.

185 4519 273 4590 Edd.
293 4519 375 4587 lunt.
399 4515 543 4585 Tumeb.
568 4531 599 4583 et
622 4513 724 4584 codd.
737 4511 880 4582 nonnulli
905 4518 1076 4608 χαίροιοα.
1134 4512 1215 4582 Cod.
1238 4511 1276 4581 C.
1309 4516 1444 4606 χαίροις
1472 4507 1634 4607 α’νύμφα,
1667 4511 1759 4579 cedd.
1775 4509 1817 4577 Β.
1834 4523 1865 4578 2.
1882 4511 1933 4579 Μ.

184 4639 321 4728 χαίροις
351 4625 508 4756 ἀχύμφα,
542 4623 751 4694 Tumebus
742 4649 776 4692 m
803 4622 978 4717 appendice
999 4616 1201 4717 χαίροις
1173 4649 1216 4709 ω,
1255 4621 1457 4692 Amaldus
1443 4625 1580 4716 χαίροις
1605 4650 1685 4691 τιι.
1715 4614 1805 4686 Nihil
1835 4636 1935 4690 mutat

184 4739 385 4814 Bentleius'
375 4765 410 4808 m
434 4739 618 4834 Conspectu
640 4751 813 4806 metrorum
835 4731 1100 4816 Heratiauorum‚
1131 4747 1163 4800 et
1185 4730 1377 4802 Gaislordus
1406 4745 1516 4802 censet
1544 4729 1674 4798 verbum
1697 4727 1817 4796 finitum
1843 4748 1932 4800 aute·

1406 4907 1419 4926 .
1519 4827 1614 4917 [ri*]
