4242 5300
970 239 1184 372 ..3-6-

202 467 266 520 est:
289 449 375 518 ru'lu'l
394 476 418 517 π
440 449 538 517 nohis
562 448 687 516 auderi
707 471 775 514 non
794 459 922 536 potest.
972 446 1100 516 Revera
1122 447 1219 541 igitur
1242 443 1376 540 Sappho
1399 443 1519 539 pariter
1541 455 1578 514 ac
1600 443 1736 513 Latinus
1760 461 1855 538 poeta
1879 443 1961 514 dicit

203 563 373 654 agendum,
397 576 431 628 ut
454 559 524 653 quis
547 558 620 626 talis
644 557 768 650 puellae
790 557 1012 626 benevolentia
1034 575 1067 625 et
1089 556 1303 628 familiaritate
1328 555 1478 649 potiatur,
1507 579 1609 648 neque
1633 580 1708 622 vero
1731 555 1872 624 animum
1894 555 1957 623 ob·
2110 537 2111 614 l

204 671 399 739 firmaturam
422 693 455 737 se
479 668 532 750 ait,
562 668 637 760 quia
659 692 815 760 pauperes
838 667 955 761 ubique
980 683 1181 760 spernantur.
1225 664 1319 754 Quae
1343 663 1515 734 Welckcri
1538 679 1586 731 cst
1613 665 1832 758 interpretatio
1855 691 1887 759 p.
1900 665 1958 745 67.

203 776 358 850 Similiter
380 777 566 847 vocabulum
589 774 763 864 τολματόν
787 777 900 869 accipit
923 776 1087 860 Pearcius,
1120 777 1159 844 de
1181 792 1296 844 natura
1326 773 1461 844 allectus
1489 773 1676 866 longissime
1705 799 1782 842 sane
1810 773 1959 844 aWel·

201 887 295 958 elrero
323 889 521 981 discrepans:
560 887 702 953 Videtur
727 884 869 974 Sappho
897 886 933 952 in
960 887 1176 978 sequentibus
1208 885 1292 952 velle
1319 908 1357 952 se
1385 883 1577 965 consolari,
1612 893 1675 950 eut
1690 884 1807 973 potius
1819 884 1962 977 sortem

203 1000 352 1066 ammom
378 1008 501 1065 eontra
514 995 790 1088 seminae‘r'llr'us
815 1005 954 1062 amatae
981 995 1126 1062 e'ru'rtrr'as
1149 1019 1271 1087 gerere.
1317 994 1384 1062 Sed
1412 992 1507 1086 longe
1535 993 1633 1062 aliam
1660 994 1848 1062 sententiam
1872 1009 1957 1060 stro'·

202 1106 285 1201 phac
307 1124 435 1176 nostrae
459 1107 590 1175 subesse
613 1121 721 1174 censet
743 1104 959 1190 Hermannus,
984 1105 1038 1198 qui
1061 1105 1094 1172 in
1117 1105 1243 1172 dissert.
1267 1106 1306 1172 de
1329 1103 1516 1198 pronomine
1538 1099 1644 1182 αὑτός
1668 1103 1701 1170 in
1724 1102 1835 1172 Beclrii
1859 1103 1952 1172 Actis

203 1217 325 1288 Semin.
342 1217 425 1310 lleg.
441 1215 519 1284 Vol.
530 1217 556 1282 I.
573 1241 604 1308 p.
616 1231 669 1296 71.
692 1212 745 1284 ὑπ’
767 1211 855 1284 αὐτό
879 1231 974 1306 negat
1002 1240 1022 1282 a
1044 1213 1194 1308 Longino
1224 1215 1375 1306 scriptum
1397 1237 1479 1297 csse,
1512 1229 1544 1280 et
1566 1213 1599 1280 in
1621 1213 1727 1280 Elem.
1745 1213 1844 1282 doctr.
1860 1228 1955 1285 utetr.

203 1326 270 1394 cius
291 1327 468 1395 orationem
491 1327 616 1393 demum
640 1351 659 1392 a
680 1323 834 1393 vocabulo
857 1320 922 1418 τήν
941 1321 1063 1422 egregrie
1086 1324 1253 1417 incipiens,
1275 1322 1414 1416 priorem
1435 1321 1592 1391 lincamin
1611 1348 1759 1394 numeros
1777 1321 1959 1416 Sapphicos

202 1435 249 1506 sie
270 1437 399 1530 redigit:
427 1438 496 1507 ἐπεὶ
517 1441 659 1529 χλιαίνῃ
683 1431 785 1522 Πᾶο’,
809 1433 830 1504 ὅ
852 1432 1046 1523 θαυμάζοις
1067 1433 1114 1504 ἄν
1137 1442 1224 1515 ἄκος,
1246 1430 1302 1504 ὑπ’
1326 1430 1428 1502 αὐτῶ.
1471 1431 1534 1499 Est
1558 1432 1685 1526 quidem
1708 1431 1902 1520 θαυμάζοις
1925 1431 1960 1500 in

203 1546 312 1628 codd.;
340 1572 360 1614 a
382 1545 533 1639 Longino
556 1543 733 1639 profectum
756 1544 862 1612 sitan
886 1570 905 1611 a
927 1543 1076 1628 librariis,
1099 1557 1182 1612 nun'c
1205 1542 1284 1612 nihil
1306 1543 1419 1610 attinet
1442 1567 1603 1634 quaerere,
1627 1541 1741 1610 saltem
1764 1541 1956 1610 indicativus

203 1671 253 1724 est
275 1655 438 1723 restitutus
462 1655 626 1726 lenissima
647 1653 832 1721 mutatione.
875 1655 1087 1746 Interrogatio
1115 1669 1220 1722 autem
1243 1652 1335 1737 haec,
1368 1649 1411 1721 ori
1434 1649 1643 1739 θαυμάζεις,
1679 1676 1778 1745 aeque
1802 1665 1853 1719 est
1881 1667 1960 1742 apta

201 1763 365 1857 Longino,
396 1788 432 1834 ac
454 1763 663 1857 parenthesis,
694 1760 932 1850 ὃθαομάζοις
954 1765 1001 1834 ἄν
1025 1770 1111 1849 ὅπως,
1142 1763 1226 1856 apud
1248 1763 1405 1856 poetriam
1427 1761 1637 1830 incommoda.
1682 1759 1869 1830 Pronomen
1896 1757 1956 1829 ὑπ’

206 1871 302 1944 αὑτῶ
329 1874 372 1940 ad
400 1899 493 1968 quem
523 1871 687 1958 referatur,
715 1874 744 1940 si
771 1889 852 1942 recte
880 1873 1017 1940 initimn·
1031 1874 1180 1942 carminis
1206 1871 1400 1964 interpretati
1424 1896 1543 1956 sumus,
1577 1872 1793 1965 quaerendum
1815 1857 1889 1950 erit;
1924 1869 1958 1936 in

205 1982 347 2076 Longini
376 1983 518 2051 oratione
545 1981 599 2052 ὑπ’
625 1980 714 2054 αὐτό
740 1999 788 2052 est
811 2007 878 2072 per
906 2007 983 2050 eum
1010 1985 1132 2051 locum.
1185 1980 1300 2074 Neque
1327 1982 1468 2074 ineptum
1495 1981 1540 2049 ita
1571 1995 1619 2048 est
1648 2005 1826 2074 pronomen
1851 1980 1957 2048 minus

203 2092 327 2160 finitum
341 2090 437 2180 αὑτό,
462 2118 563 2185 neque
586 2091 741 2186 particula
763 2089 832 2162 tired
855 2091 979 2176 vitiosa,
1003 2117 1099 2160 sensa
1121 2092 1205 2160 enim
1228 2091 1332 2158 verbis
1357 2089 1497 2158 subiecta
1520 2106 1603 2174 sunt,
1626 2089 1833 2162 ὑπόκεινται.
1873 2090 1958 2158 Cum

203 2202 381 2272 accusativo
406 2218 511 2270 autem
533 2227 572 2268 ea
594 2202 795 2286 construitur,
819 2195 895 2294 quia
917 2226 982 2268 non
1004 2202 1097 2270 unius
1121 2201 1170 2268 vis
1194 2199 1349 2284 vocabuli,
1373 2199 1430 2268 sed
1454 2201 1612 2268 sententia
1627 2185 1757 2268 notatur
1780 2225 1838 2292 per
1860 2199 1957 2267 totius

203 2312 352 2382 caminis
376 2312 544 2379 decursum
566 2335 727 2402 expressa,
763 2310 843 2377 sieut
865 2310 961 2378 etiam
983 2311 1067 2380 acies
1091 2312 1133 2379 ad
1156 2310 1280 2379 radices
1302 2301 1433 2394 montis,
1462 2310 1505 2379 ad
1527 2332 1637 2384 muros
1660 2307 1897 2404 porrecta'rltrd
1917 2307 1958 2380 ed

120 2473 123 2478 -
201 2421 293 2518 ὅρος,
317 2417 385 2492 rinei
406 2416 451 2490 eci
472 2424 579 2516 τείχη,
604 2419 668 2486 sub
692 2429 853 2503 montem,
880 2421 944 2487 sub
968 2445 1097 2503 muros,
1120 2421 1233 2489 instrui
1257 2420 1379 2490 dicitur.

1050 2530 1109 2597 111.
1376 2608 1379 2616 ¹

336 2637 523 2707 Eustathius
546 2636 580 2708 in
602 2636 693 2706 lliad.
709 2643 746 2708 s.
767 2665 800 2734 p.
816 2638 892 2706 621.
914 2637 995 2708 Bas.
1038 2635 1166 2713 Ἰοτέον
1185 2639 1238 2711 ὅτι
1259 2643 1299 2712 ἐν
1320 2638 1369 2732 νῷ
1386 2635 1642 2738 peetvpveiupl
1665 2636 1811 2738 οὲλὴνην
1830 2635 1871 2710 oti
1892 2636 1957 2734 τήν

204 2748 376 2847 πλησιφαῆ
398 2750 541 2844 νοητέονΙ
563 2753 623 2819 καὶ
644 2752 914 2846 πληροοέληνον·
944 2752 984 2820 ἐν
1006 2748 1095 2846 αὐτῇ
1117 2746 1184 2847 γᾰρ
1208 2749 1355 2847 ἀμαυρά
1376 2747 1439 2820 ειόι
1460 2747 1505 2820 τά
1526 2751 1637 2847 ἄστρα
1659 2750 1704 2828 dc
1725 2745 1957 2844 ὑπεραυγαζό-

202 2887 304 2950 μενοι,
328 2854 429 2928 eade?
450 2861 510 2928 καὶ
530 2859 552 2954 ἡ
574 2853 703 2958 Σαπφώ
725 2857 791 2928 πού
812 2882 928 2956 φησιν·
953 2857 1112 2956 Ἀστέρος
1132 2860 1199 2950 μέν
1221 2858 1309 2957 ἀμφὶ
1331 2855 1448 2931 καλᾶν
1471 2858 1622 2932 οελάναν
1644 2860 1699 2952 ἂψ
1721 2855 1957 2954 ἀποκρύπτου·

203 2999 237 3040 ee
257 2965 401 3066 φαεινδν
422 2967 519 3056 εἶδος,
542 2967 631 3039 ὁπότ’
647 2970 694 3040 ἂν
715 2964 886 3066 {thidatoae
907 2967 1055 3058 μάλιστα
1077 2969 1195 3064 λάμπῃ
1219 2971 1295 3060 γᾶν.
1962 2975 1965 2978 ’

337 3077 479 3146 llletrum
503 3077 710 3172 sapphicum,
732 3078 796 3148 iarn
819 3101 839 3144 a
860 3077 888 3145 F
891 3077 953 3146 ulv.
977 3079 1099 3174 Ursino
1122 3080 1273 3172 agnitum,
1297 3079 1455 3174 duplicata
1478 3079 1650 3148 secundum
1672 3103 1794 3166 rnorem
1816 3075 1953 3146 Aeolon·

205 3188 294 3259 sibus
321 3186 476 3282 imprimis
503 3187 701 3280 frequentem
728 3182 832 3255 littera
860 3215 883 3256 π
910 3187 944 3255 in
972 3185 1065 3258 ὁπότ’
1082 3188 1126 3258 ἂν
1157 3189 1224 3258 sine
1256 3187 1321 3257 ulla
1343 3188 1520 3258 offensione
1548 3190 1702 3285 procedit.
1748 3190 1815 3259 Sed
1838 3187 1871 3255 in
1894 3187 1955 3255 fine

206 3298 372 3394 stropham
396 3296 615 3365 detrimentum
635 3297 807 3393 accepisse,
830 3323 895 3366 non
919 3313 1043 3366 tanturn
1065 3298 1156 3366 metri
1178 3298 1269 3382 ratio,
1292 3299 1466 3368 sedetiam
1490 3299 1645 3367 sermonis
1668 3297 1719 3368 lex
1741 3297 1853 3392 arguit,
1877 3322 1956 3392 quae

205 3407 342 3505 simplici
360 3407 457 3475 verbo
480 3405 628 3496 λάμπειν
649 3431 715 3474 non
733 3408 852 3502 patitur
873 3409 939 3475 eius
961 3408 1016 3492 rei,
1041 3432 1121 3502 qnae
1144 3408 1270 3476 luminis
1294 3407 1423 3477 alicuius
1445 3408 1615 3503 splendore
1634 3408 1840 3503 perfunditur,
1865 3433 1955 3476 aecu-

206 3520 342 3588 sativnm
365 3516 503 3611 adiungi.
551 3516 661 3605 Quum
681 3516 877 3586 intransitive
901 3517 942 3585 sit
965 3518 1088 3601 lucere,
1112 3543 1178 3586 nou
1200 3519 1368 3586 illustrare
1389 3518 1506 3602 active,
1535 3518 1771 3614 praepositione
1794 3543 1874 3613 opus
1898 3533 1955 3586 est

210 3625 346 3696 Licebat
368 3643 472 3696 autern
496 3626 653 3720 integram
675 3625 879 3711 locutionem,
908 3649 988 3721 quae
1013 3644 1044 3696 et
1067 3629 1234 3697 verborum
1258 3628 1519 3697 constructionem
1543 3645 1574 3696 et
1595 3628 1714 3696 Adonii
1736 3639 1846 3696 versus
1868 3654 1955 3696 men-

208 3759 316 3821 suram
339 3735 525 3832 compleret,
556 3763 593 3804 ex
617 3736 760 3806 Homero
784 3736 976 3820 adsciscere,
1007 3739 1091 3831 apud
1115 3763 1208 3831 qoem
1231 3737 1322 3806 lliad.
1341 3745 1379 3808 d.
1401 3755 1428 3805 1.
1447 3766 1484 3809 ω.
1505 3739 1579 3820 695.
1609 3735 1956 3834 Ἠὠςνροκόπεπλος

208 3847 370 3917 ἐκίδνατο
392 3849 506 3916 πᾶσαν
527 3843 692 3934 ἕπάἶαν,
724 3846 787 3914 uisi
809 3845 954 3915 vocabuli
977 3849 1044 3937 γᾶν
1066 3847 1169 3916 sonna
1191 3843 1312 3916 Dorica
1334 3864 1366 3915 et
1388 3847 1534 3932 Aeolica,
1564 3849 1605 3918 ab
1629 3847 1797 3916 Eustathio
1821 3865 1956 3932 servata,

209 3953 272 4023 hoc
293 3954 399 4048 ipsum
421 3955 507 4048 apud
526 3956 735 4051 Sapphoncm
757 3973 916 4051 repertum
939 3956 1128 4024 ostenderet.
1164 3957 1263 4048 Quod
1285 3982 1360 4024 vero
1379 3957 1534 4026 Aristides
1555 3957 1734 4026 Panathen.
1758 3987 1790 4052 p.
1813 3971 1885 4026 105.
1908 3959 1956 4026 in·

210 4061 306 4132 solito
325 4061 492 4131 verhomm
513 4066 623 4135 ordine
644 4065 771 4161 scripsit
788 4065 853 4160 γῆν
870 4071 923 4135 e’ire
943 4065 1067 4152 πᾶσαν,
1091 4066 1142 4133 vix
1162 4066 1275 4134 fuisset
1293 4065 1440 4151 factiuns,
1463 4067 1525 4135 nisi
1540 4067 1623 4136 hanc
1640 4067 1808 4136 formulam
1826 4095 1864 4136 er
1880 4093 1957 4163 poe·

209 4191 313 4244 tarum
329 4171 461 4241 lectione
478 4175 660 4243 reeordatus
680 4191 775 4245 esset.
816 4175 881 4264 Qui
905 4199 1000 4268 quum
1023 4174 1206 4242 breviante
1223 4175 1389 4244 intervallo
1408 4205 1440 4270 p.
1454 4177 1506 4258 96.
1528 4177 1648 4246 insulas
1668 4177 1790 4246 Atticae
1809 4179 1956 4246 adiacen-

211 4300 258 4354 tes
282 4281 487 4351 similitudinc
507 4308 706 4377 nequaquam
728 4286 773 4353 ita
795 4284 952 4378 frequenti
979 4310 1048 4352 cum
1072 4283 1171 4352 stellis
1196 4287 1426 4379 comparaverit
1448 4288 1554 4374 lunam
1578 4287 1788 4380 cingentibus,
1820 4283 1957 4386 receperis

211 4396 260 4472 ἄν
282 4401 371 4466 εἴποι
391 4420 458 4478 τις,
492 4409 527 4460 nt
549 4392 653 4460 addit:
687 4418 752 4461 non
775 4393 869 4490 plane
892 4393 1110 4487 improbabilis
1134 4394 1227 4462 luerit
1254 4396 1447 4480 coniectura,
1477 4397 1505 4465 si
1527 4397 1595 4490 quis
1619 4414 1783 4490 ntmmqnc
1807 4423 1824 4468 e
1847 4413 1957 4466 nostro

212 4501 285 4574 loco
309 4519 469 4600 sumptum
491 4501 647 4597 opinetur.
691 4503 800 4596 Itaque
824 4522 890 4573 tota
913 4503 1059 4599 stropha,
1088 4503 1213 4574 dialecti
1235 4505 1425 4600 aequalitate
1446 4523 1608 4592 revocata,
1639 4506 1712 4576 talis
1736 4524 1802 4577 est:

737 4611 895 4708 Ἀστέρος
915 4615 982 4703 μὲν
1003 4613 1091 4712 ἀμφὶ
1113 4613 1229 4686 sarcir
1251 4613 1403 4687 οελᾰναν

739 4723 794 4816 ἂψ
815 4721 1057 4820 ᾰποκρύπτοιοι
1077 4721 1233 4823 φαεννόν
1254 4725 1352 4812 εἶδος,
