4274 5290
1032 230 1087 326 91

313 457 596 548 Quemadmodum
618 453 741 542 κατάιξ
758 470 789 524 et
812 463 968 547 καταιγις
993 482 1012 526 a
1035 456 1132 526 verbo
1156 459 1363 545 amedeum,
1384 457 1429 530 sic
1447 457 1600 559 κατάρης
1618 461 1778 537 derivattu
1800 491 1820 542 a
1839 473 1937 544 verbo

179 574 370 666 καταίρειν,
392 567 481 663 quod
501 583 532 636 et
551 566 659 662 ipsum
683 567 722 636 de
745 566 850 638 ventis
868 568 987 662 pariter
1006 583 1099 662 atque
1122 565 1370 641 καθόλλισθαι
1396 588 1576 666 usurpatur,
1603 589 1638 643 ut
1661 578 1747 670 apud
1761 575 1938 652 Aristidem

179 696 261 751 orat.
278 677 416 840 Aegypt.
431 705 465 774 Ρ.
482 693 556 755 out.

1039 894 1079 965 C.

311 1002 507 1089 Pollule,
527 1002 577 1089 16,
593 1009 647 1086 98.
694 998 927 1134 μεσόμφαλα
950 1001 1072 1100 φιάλαι
1102 1005 1162 1076 καὶ
1184 1001 1540 1105 βαλανιὸμφαλσι
1496 1039 1538 1081 το
1564 1009 1680 1107 σχῆμα
1702 1023 1944 1140 προσηγορίαν

180 1120 311 1210 ἔχουσι·
338 1111 583 1211 γρυσόμφαλοι
606 1109 706 1184 ot
665 1135 728 1210 ’την
750 1113 851 1210 ὕλην,
873 1113 919 1194 eis
940 1119 983 1184 αἱ
1006 1113 1172 1211 Σαπφοῦς
1193 1115 1517 1250 χρυιαστρᾶγρλσι.
1535 1119 1658 1209 Quales
1680 1119 1741 1192 hae
1761 1126 1825 1196 sint
1844 1110 1936 1222 phia-

180 1226 232 1298 lae
255 1221 572 1323 γρυσαστρᾶγαλοι,
605 1219 746 1292 declarat
766 1222 885 1290 Pollux
908 1235 937 1303 §.
952 1235 1004 1306 99.
1029 1223 1104 1292 dum
1125 1225 1293 1294 seritiu‘
1272 1257 1293 1297 σ
1311 1226 1448 1326 ιγυιιτήρ
1474 1225 1539 1300 οὐκ
1561 1235 1634 1321 ἔχει
1660 1237 1855 1324 πυθμένα,
1859 1235 1937 1308 α’λλ

180 1334 488 1433 ἀσιραγαλίσκους.
517 1332 637 1414 Erant,
659 1357 739 1428 quae
759 1357 825 1400 non
848 1331 1004 1401 baberent
1025 1331 1158 1403 fundum
1188 1333 1354 1422 stabilem,
1377 1339 1436 1406 sed
1458 1340 1564 1408 van'ae
1588 1340 1707 1434 figurae
1731 1345 1898 1436 pedihus
1887 1373 1937 1417 m·

181 1446 341 1515 sisterent.
371 1442 466 1513 Talis
490 1458 555 1527 est,
587 1443 627 1510 de
651 1465 714 1537 qna
743 1441 927 1512 Athenaeus
955 1441 1043 1536 Epit
1067 1441 1126 1510 XI.
1147 1469 1181 1542 p.
1200 1455 1276 1514 502.
1292 1445 1324 1514 b.
1347 1447 1505 1520 ἐκαλεῖτο
1528 1451 1571 1520 δέ
1591 1478 1643 1530 τις
1660 1455 1720 1522 καὶ
1743 1455 1938 1552 βαλαυαιη

180 1553 299 1655 φιάλη,
322 1551 363 1654 ἧς
381 1583 430 1645 τῳ
416 1552 605 1640 πυθμένι
624 1559 754 1648 χρυσοῖ
775 1553 953 1624 υιιέκεαιο
979 1549 1201 1649 ἀστράγαλοι
1240 1555 1411 1652 Subitmgit
1429 1554 1616 1655 repenarde
1643 1558 1770 1657 φιάλας
1793 1569 1937 1661 χρυσᾶς

181 1664 276 1736 Aliae
297 1679 388 1736 erant
411 1662 628 1761 όμφαλιοιαὶ,
650 1660 716 1732 suis
741 1662 931 1734 umbonibus
956 1677 1089 1732 stantes.

314 1990 433 2060 Pollux
452 1988 531 2078 Vll,
557 2004 607 2076 13,
631 1998 685 2069 48.
709 1989 791 2060 inter
814 1989 1005 2058 vestimenta
1026 1989 1102 2058 viris
1084 1929 1319 2082 ‘feminisque
1349 1989 1528 2060 communia
1552 1992 1697 2063 nominat
1714 1998 1918 2088 strideas
1890 2031 1936 2085 ως

188 2077 329 2200 Σαπφώ.
360 2102 428 2172 Sed
452 2118 545 2170 etex
566 2100 710 2195 margine
734 2100 806 2172 cod.
820 2099 956 2193 August.
971 2114 1004 2168 et
1018 2099 1089 2168 cod.
1103 2095 1206 2168 Voss
1221 2101 1328 2191 βέδος
1348 2095 1516 2192 profertur,
1539 2116 1571 2170 et
1586 2101 1671 2194 apud
1686 2104 1883 2200 Hesychium
1905 2130 1938 2187 et

182 2211 217 2281 in
231 2211 340 2307 Etym.
356 2211 408 2282 Μ.
400 2235 456 2306 ..p
447 2222 543 2297 .195,
559 2226 612 2295 47.
641 2211 786 2280 scribitur
803 2209 940 2301 βιῦδος,
969 2209 1055 2333 appd
1070 2209 1231 2278 Zonaram
1252 2207 1419 2301 βεύδιου,
1449 2210 1482 2278 in
1497 2211 1720 2336 Etymologico
1745 2217 1861 2286 additis
1886 2236 1935 2290 ta-

183 2321 268 2392 libus
289 2321 469 2391 Herodiani
486 2320 681 2414 Didymiqne
705 2318 918 2389 notationibus
942 2316 1083 2412 originis,
1107 2341 1188 2411 quae
1208 2316 1259 2387 his
1284 2319 1445 2412 quidem
1434 2333 1530 2389 rstam
1556 2321 1744 2416 scripturam
1764 2329 1936 2419 probatam

184 2455 257 2502 esse
283 2432 464 2502 ostendant.
520 2434 690 2529 Σημαιύει
710 2429 767 2514 ot,
791 2429 910 2523 inquit,
939 2424 984 2500 τοὶ
1003 2431 1142 2498 ποικίλα
1171 2427 1379 2528 ἢπορφυρᾶ
1410 2428 1540 2519 ἱμάτια.
1598 2430 1734 2501 Praeter
1757 2438 1937 2532 exemplum

185 2540 377 2612 Callimachi
400 2541 520 2611 ibidem
548 2539 711 2612 laudatum
732 2538 887 2609 Heinsius
908 2537 1073 2634 Hesychiu
1104 2537 1274 2632 adscripsit
1296 2563 1406 2608 versus
1429 2541 1602 2636 quosdam,
1631 2543 1684 2636 qui
1709 2543 1743 2612 in
1769 2544 1938 2622 Parthenii

186 2653 278 2724 Ειοι.
296 2678 324 2723 c.
339 2667 389 2722 ιι.
405 2650 562 2746 leguntur.

211 3043 214 3050 .
319 2979 521 3076 Phrynichus
536 2980 661 3076 Appar.
678 2977 812 3075 sophist.
828 3005 861 3072 p.
874 2992 927 3046 33.
943 2976 977 3043 in
990 2974 1129 3045 Belrkeri
1148 2975 1368 3046 Anecdd.-Gr.
1383 2980 1561 3076 Γρυμιῖαι
1588 2977 1634 3070 ἢν
1653 2987 1693 3052 οἱ
1710 2989 1831 3056 πολλοὶ
1851 2979 1940 3084 γρῦ.

185 3121 251 3187 την
271 3093 429 3165 καλοῦσι.
474 3096 618 3188 Δίφιλος
646 3088 734 3160 ἄνευ
765 3089 832 3160 τοῦ
861 3097 880 3158 ῑ
916 3087 1085 3183 γρυμέαν.
1122 3092 1195 3160 ἔστι
1215 3086 1254 3159 δὲ
1276 3085 1357 3185 παρ’
1377 3085 1583 3223 Ἀθηναίριι
1606 3088 1701 3186 ιιῆρα
1727 3120 1777 3172 τις
1798 3099 1937 3192 γρυμέα

186 3205 398 3295 καλουμένη,
433 3199 510 3298 ἕνῇ
533 3207 685 3273 παυιοια
692 3194 813 3291 ’σκεύη
845 3199 927 3270 ἐστί.
978 3196 1113 3294 Σαπφιι
1144 3196 1183 3269 δὲ
1204 3195 1337 3295 γρύιην
1361 3206 1464 3270 καλεῖ
1492 3228 1557 3292 την
1579 3197 1706 3296 μύρων
1729 3207 1789 3272 καὶ
1811 3233 1936 3293 γυναι-

186 3317 291 3384 κείαν
310 3313 415 3382 τινοῖν
441 3310 570 3402 θήκην.
614 3307 668 3378 De
689 3323 781 3402 parte
803 3308 910 3403 priore
933 3306 1165 3376 observationis
1188 3307 1291 3376 vide
1281 3325 1469 3402 interpretes
1487 3308 1663 3403 Phrynichi
1678 3309 1748 3380 Ecl.
1741 3338 1797 3406 ..p
1789 3326 1889 3383 ..2³0
1905 3333 1941 3386 et

187 3421 274 3517 Hes)
271 3420 342 3492 chii
362 3447 393 3491 v.
409 3426 597 3517 γρυμαία.
623 3417 785 3489 Zonaras.
806 3421 984 3515 Γρυμαία,
1011 3413 1265 3510 ἠοκευοθήκη.
1310 3419 1456 3514 Γρυιαί,
1480 3421 1669 3492 intonent.

320 3747 461 3819 Lexicon
485 3747 715 3843 Seguerianum
735 3774 769 3842 p.
784 3756 859 3827 370.
896 3742 1069 3822 'Artaxer'
1097 3743 1250 3816 οἰιαιιοῦ
1275 3742 1327 3840 μή
1343 3747 1603 3842 πεπειραμένος,
1634 3743 1702 3838 οὐχ
1720 3747 1741 3818 ὁ
1762 3749 1938 3846 γρηιτοή.

188 3866 267 3953 8ης.
302 3859 395 3932 οὕτω
425 3857 571 3957 Σαπφώ.
599 3858 726 3948 ¹Quem
752 3854 938 3952 plerumque
966 3848 1153 3924 ᾰκάιιιοτον
1184 3855 1303 3939 dinmt,
1341 3881 1438 3950 quum
1459 3855 1593 3947 ἄκακος
1615 3853 1685 3924 fere
1707 3857 1844 3945 dicatur,
1883 3863 1938 3956 qui

189 3968 265 4038 mali
293 3967 372 4036 nihil
398 3985 572 4064 perpetrat.
619 3965 900 4058 Quemadmodum
927 3959 1048 4034 ἄλυπα
1077 3963 1205 4058 proprie
1232 3981 1320 4052 sumt,
1356 3991 1436 4060 quae
1463 3964 1643 4034 molestiam
1669 3990 1735 4035 non
1762 3967 1935 4056 facessunt,

133 4071 135 4083 ¹
188 4093 256 4148 tum
278 4075 409 4182 ἅλυιιοι
431 4104 451 4147 a
472 4080 575 4174 poetis
600 4079 753 4164 dicuntur,
777 4075 831 4171 qui
854 4073 944 4144 vauri
966 4089 1039 4144 sunt
1062 4097 1081 4142 a
1105 4073 1226 4150 dolore.
1269 4076 1397 4151 Eadem
1417 4099 1469 4144 res
1494 4075 1608 4146 accidit
1630 4077 1664 4146 in
1686 4076 1757 4147 aliis
1780 4079 1935 4176 pluribus.

321 4403 522 4499 Phrynichus
546 4403 633 4500 Epic.
626 4431 682 4502 ..Ρ
674 4415 770 4476 .305.
814 4411 967 4507 Νίτρσνι
998 4301 1110 4483 weg·
1127 4407 1182 4482 Αι
1177 4402 1280 4488 αλευς
1307 4405 1433 4496 μὲν
1409 4433 1456 4478 αν
1480 4411 1581 4495 ειποι,
1605 4405 1720 4505 ὥσπερ
1751 4401 1815 4478 οὖν
1836 4407 1937 4500 καὶὴ

175 4511 327 4614 ΥΣαιιςοιί
353 4512 413 4588 δια
438 4517 502 4587 τοῦ
527 4521 559 4586 γ’·
588 4513 781 4610 Ἀθηναιοι
809 4519 847 4592 de'
874 4516 933 4592 dea
956 4523 1071 4608 actii,
1093 4527 1223 4616 λίτρον.
1274 4519 1412 4614 Νίτρου
1438 4515 1566 4610 vulgare
1594 4543 1665 4586 esse
1700 4517 1814 4586 docent
1840 4516 1936 4586 etiam

191 4625 315 4695 Moeris
339 4653 371 4733 p
364 4627 463 4703 ..auo
492 4624 679 4724 Photiusp.
698 4626 771 4710 107.
800 4627 977 4743 Gregorius
994 4628 1234 4724 Corinthiusp.
1253 4636 1325 4705 tuss.
1347 4627 1469 4698 laudati
1489 4626 1663 4696 Loheclrio.
1711 4700 1716 4710 ,

1513 4861 1526 4927 [
1536 4852 1617 4927 12⁴³]
