4242 5300
187 480 350 562 σκίπελος
368 481 428 579 τῆς
447 481 618 577 Ἠπείρου,
639 479 697 580 ἀφ’
714 479 758 553 οὖ
777 487 952 577 ῥίπτουσιν
972 475 1099 563 adratis
1118 483 1167 562 εἰς
1186 481 1225 554 cd
1245 487 1392 574 πέλαγος
1411 492 1449 554 οἱ
1465 491 1575 580 lepris.
1603 485 1733 582 Σαπφώ
1753 475 1792 556 dl
1810 487 1946 584 πρώτην

187 594 241 664 ἰαί
261 589 377 664 Φάωνι
395 590 499 662 τοῦτο
517 591 651 689 ποιῆσαι
669 590 732 690 τήν
752 591 939 690 ποιήτριαν,
958 600 996 662 οἶ
1011 593 1050 664 dd
1067 589 1133 686 τήν
1151 598 1287 689 ἑτέραν·
1310 595 1444 685 ἐγένετο
1465 593 1533 690 γαρ
1552 593 1643 690 ἄλλη
1659 598 1796 688 Λεσβία
1814 601 1944 692 ἑταίρα.

189 701 315 792 Quibus
337 701 370 769 in
390 701 494 770 verbis
514 725 574 796 pro
595 700 718 768 ahsorm
738 707 843 798 ἱερεῖς
863 700 1093 796 Schleusuerus
1114 701 1323 798 probabiliter
1343 703 1469 771 coniicit
1488 705 1630 800 ἐρασταὶ
1651 705 1863 774 scribendum.

322 810 371 879 Ut
393 826 499 880 autem
523 809 659 879 dubitari
680 826 806 904 posset,
833 827 937 878 utrum
959 809 1030 896 illa,
1064 835 1144 906 quae
1167 828 1299 908 propter
1320 811 1465 882 Phaonis
1489 836 1631 881 amorem
1654 840 1692 882 ex
1713 813 1840 884 famosa
1866 842 1942 913 rupe

187 919 394 1016 praecipitem
417 943 451 988 se
477 919 602 989 dedisse
626 917 799 1004 serebatur,
825 919 960 1014 Sappho
982 919 1208 1015 intelligeretur
1230 921 1355 1017 poetria
1378 945 1420 992 au
1440 921 1503 990 alia
1522 923 1663 991 eiusdem
1682 923 1819 992 nominis
1840 951 1941 994 mere·

186 1029 258 1115 trix,
281 1027 342 1097 hac
361 1055 395 1098 re
415 1029 565 1098 effectum
586 1045 643 1114 est,
669 1030 755 1123 quod
774 1028 991 1098 nobilissimae
1012 1031 1152 1125 poetriae
1175 1031 1299 1101 Comici
1318 1056 1373 1100 cos
1394 1055 1499 1100 mores
1521 1031 1717 1118 affirmerant,
1743 1034 1796 1128 qui
1814 1032 1940 1103 lectori-

186 1139 246 1208 bus
268 1138 369 1207 doctis
390 1155 422 1208 et
441 1139 567 1208 diversa
588 1140 627 1208 de
646 1137 703 1207 illa
723 1139 872 1233 opinione
892 1139 1018 1208 imbutis
1039 1139 1134 1208 nimis
1155 1141 1194 1209 ab
1216 1165 1254 1210 ea
1275 1139 1370 1210 alicui
1389 1141 1577 1210 riderentm.
1605 1141 1790 1237 Sapphonis
1811 1134 1951 1213 nomine¹

158 1343 161 1350 Δ
185 1246 355 1344 inscriptas
376 1249 558 1318 comoedias
580 1249 752 1317 docuerant
771 1247 918 1344 Amphis,
938 1249 1150 1344 Antiphanes,
1170 1250 1352 1346 Ephippus‚
1375 1249 1550 1336 Timoclcs,
1570 1249 1732 1347 Diphilus,
1753 1252 1940 1322 testantibus

183 1356 397 1427 Antiatticista
411 1359 444 1427 iu
459 1358 604 1428 Anecdd.
617 1358 676 1428 Gr.
687 1356 825 1428 Bcklreri
848 1386 881 1453 p.
899 1367 956 1442 89,
971 1357 1105 1428 Polluce
1120 1359 1197 1429 VII.
1219 1375 1344 1429 extuat
1367 1358 1484 1428 Athen.
1503 1358 1546 1428 X.
1572 1369 1648 1438 450.
1660 1386 1689 1429 e.
1707 1360 1796 1429 XIII.
1814 1373 1888 1444 572.
1907 1389 1936 1430 c.

182 1465 748 1560 V111.aa9.c.x1.aar.·.axltl.
776 1479 851 1551 599.
869 1469 899 1536 d.
939 1469 1113 1538 Praeterea
1135 1495 1201 1538 non
1226 1487 1275 1539 est
1300 1469 1440 1554 dubium,
1465 1469 1540 1564 quin
1564 1472 1708 1539 traducta
1732 1471 1773 1539 sit
1796 1471 1829 1539 in
1857 1469 1936 1539 Pla·

184 1577 268 1644 tonis
292 1576 437 1663 Phaone,
454 1579 493 1649 de
518 1578 604 1647 emus
629 1577 755 1646 fabulae
781 1595 965 1670 argumento
990 1579 1138 1648 disseruit
1162 1577 1342 1648 Meiuelrius
1365 1577 1500 1669 Quaest.
1524 1603 1610 1647 scen.
1626 1577 1667 1645 11.
1692 1607 1729 1675 p.
1742 1590 1795 1648 25.
1826 1579 1937 1648 Phao-

184 1711 258 1755 nem
281 1686 474 1784 Autiphanis
498 1687 626 1780 quando
650 1685 769 1754 Pollux
788 1686 897 1754 laudat
917 1686 996 1754 locis
1013 1689 1061 1771 iis,
1083 1713 1163 1780 quos
1184 1687 1369 1783 Sapplronis
1390 1687 1505 1782 fragm.
1520 1687 1614 1758 LIV.
1635 1690 1836 1785 apponimus,
1861 1715 1937 1758 eau-

188 1797 260 1864 dem
296 1796 496 1865 comoediam
529 1795 652 1864 videtur
685 1795 799 1881 dicere,
833 1819 913 1889 quac
943 1795 1079 1890 Sappho
1107 1797 1347 1865 inscribebatur.
1392 1795 1516 1866 Verum
1544 1797 1639 1866 etiam
1674 1799 1750 1892 quid
1779 1797 1938 1884 Cratinus,

185 1906 261 1999 quid
294 1906 446 2000 Marsyas
478 1905 582 1972 minor
615 1904 654 1972 de
685 1903 821 1974 Phaone
853 1905 986 1990 finxerit,
1020 1905 1169 1974 discimus
1199 1932 1236 1975 cx
1260 1906 1425 1974 Athenaeo
1448 1907 1490 1974 II.
1514 1934 1547 2000 p.
1568 1906 1622 1977 69.
1649 1907 1680 1976 tl.
1728 1908 1783 1976 En
1814 1906 1938 2001 largum

184 2031 374 2112 proventum
411 2007 589 2098 hominum,
638 2012 701 2108 qui·
729 2014 824 2083 etiam
856 2013 1062 2108 gravissimos
1096 2031 1128 2083 et
1160 2007 1437 2084 innocentissimos
1470 2015 1556 2082 viros
1587 2015 1755 2110 procacius
1789 2015 1936 2086 vellicare

185 2140 428 2210 consueverant,
458 2138 569 2192 contra
594 2121 781 2218 Sapphonis
805 2123 1068 2192 existimationem
1091 2124 1187 2193 veluti
1211 2123 1470 2219 conspirantium.
1502 2123 1590 2193 Tam
1612 2125 1745 2218 ingenue
1769 2125 1826 2194 illa
1850 2125 1936 2194 calo·

183 2260 236 2303 res
260 2259 336 2303 suos
363 2234 477 2303 fidibus
503 2233 725 2318 commiserat,
759 2232 888 2302 Horatii
912 2233 1010 2302 verba
1034 2249 1107 2302 suut
1131 2234 1239 2303 Carm.
1254 2231 1316 2318 IV,
1333 2248 1363 2318 9,
1384 2250 1433 2300 11.
1457 2249 1571 2303 utnon
1595 2234 1662 2302 sine
1688 2233 1793 2328 specie
1815 2235 1934 2329 proba·
2045 2233 2049 2241 “

183 2343 313 2414 hilitatis
337 2360 448 2440 posset
462 2342 613 2411 lasciviae
636 2341 824 2414 insimulari.
854 2342 907 2410 Ex
930 2342 1076 2439 Ephippi
1098 2343 1209 2413 sabula
1231 2367 1352 2438 paucos
1376 2367 1487 2412 versus
1510 2343 1692 2412 Athenaeus
1713 2342 1853 2438 protulit,
1878 2344 1936 2413 scd

183 2453 349 2539 costales,
372 2454 435 2548 qui,
457 2451 601 2548 qualibus
622 2452 762 2522 moribus
783 2451 863 2520 haec
879 2452 1014 2549 Sappho
1030 2454 1084 2540 sit,
1107 2454 1319 2522 coniecturam
1343 2452 1410 2522 fieri
1434 2454 1548 2522 sinaut.
1570 2451 1735 2521 Timoclcs
1758 2450 1935 2546 Misgolam

183 2563 310 2650 inducit,
341 2561 498 2633 delectum
526 2579 559 2631 et
586 2563 627 2630 ob
652 2586 769 2630 nomen
797 2579 830 2631 et
857 2563 899 2631 ob
928 2587 1034 2632 mores
1058 2589 1096 2633 ex
1125 2561 1293 2632 Aeschinis
1321 2563 1353 2630 in
1380 2561 1589 2631 Timarchum
1612 2563 1755 2631 oratione
1779 2563 1934 2656 cognitos.

184 2671 274 2762 Quid
297 2689 347 2742 est
369 2674 494 2760 mirum,
519 2671 547 2741 si
569 2671 666 2741 homo
692 2695 711 2739 a
736 2671 879 2740 doctrina
902 2696 998 2766 quam
1023 2674 1063 2742 ah
1087 2672 1203 2742 iudicio
1227 2671 1418 2757 instructior,
1443 2697 1539 2766 quum
1561 2697 1621 2741 nec
1642 2695 1748 2740 mores
1772 2697 1832 2740 nec
1855 2688 1934 2741 tem-

181 2806 263 2877 pora
287 2808 458 2878 congruere
487 2780 692 2875 intelligeret,
721 2780 805 2849 hanc
833 2781 1042 2877 Sapphonem
1068 2797 1198 2877 negaret
1223 2781 1380 2878 poetriam
1409 2806 1490 2866 csse,
1518 2780 1689 2876 malletque
1713 2781 1934 2874 cognominem
2028 2837 2031 2846 ,

184 2892 325 2987 aliquam
339 2892 536 2962 meretricem
560 2891 765 2960 comminisci.
794 2891 833 2960 Id
859 2892 945 2984 quod
969 2892 1131 2960 docuimus
1156 2915 1176 2960 a
1200 2887 1384 2987 Nymphidc
1408 2890 1527 2958 sactum
1551 2915 1633 2959 esse.
1665 2889 1744 2959 Tali
1767 2891 1933 2960 coutuber-

182 3003 237 3072 nio
267 3001 381 3096 diguus
405 3018 454 3072 cst
478 3000 631 3073 Ccr'colas
654 2993 888 3070 iste‘Andn'us.
920 2999 1015 3090 Quae
1038 2999 1170 3096 lyricam
1194 3015 1294 3068 artem
1317 2998 1491 3086 factitabat,
1515 3000 1547 3070 in
1569 2998 1723 3096 psaltriae
1745 2999 1850 3068 locum
1877 3001 1933 3070 de·

183 3135 298 3210 pressa
322 3127 380 3198 est,
403 3128 438 3180 ut
461 3137 478 3180 e
503 3111 622 3182 Suidae
648 3109 779 3179 artiudo
803 3111 1025 3204 cognoscitur:
1053 3113 1138 3206 quod
1162 3110 1244 3180 vitae
1268 3133 1374 3210 genus¹
1392 3133 1457 3178 non
1479 3109 1612 3178 multum
1636 3110 1776 3179 distata
1800 3125 1934 3203 quaesto

182 3221 367 3292 meretricio.
403 3220 553 3292 Haecin
582 3220 748 3290 comoedia
774 3219 910 3316 psaltria
929 3237 995 3288 tam
1015 3220 1177 3290 dissimilis
1202 3220 1343 3316 poetriae
1366 3236 1444 3304 erat,
1468 3235 1502 3288 ut
1526 3219 1644 3291 Soidas
1669 3219 1761 3314 quasi
1784 3219 1932 3288 dubitans

182 3347 334 3401 annotare
357 3331 504 3428 potuerit,
527 3330 636 3415 fuisse,
662 3330 715 3423 qui
736 3331 827 3425 poesi
850 3329 1074 3423 lyricae'hanc
1097 3331 1315 3400 inscriberent.
1345 3329 1498 3398 Fortasse
1522 3345 1627 3397 autern
1650 3352 1789 3413 scenam,
1812 3328 1846 3397 in
1870 3352 1932 3422 qua

183 3441 246 3511 ista
267 3443 350 3511 inter
371 3457 485 3532 nautas
509 3456 541 3509 et
565 3463 725 3508 convenas
750 3456 956 3534 spectaretur,
984 3437 1164 3509 maluerunt
1190 3437 1334 3507 normulli
1362 3437 1458 3508 Eresi
1486 3463 1580 3534 quam
1610 3437 1784 3533 Mytilenae
1814 3437 1931 3506 consti·

181 3569 278 3624 tuere.
323 3548 413 3622 Nam
443 3549 553 3622 fractis
585 3547 670 3618 bello
702 3548 980 3643 Peloponnesiaco
1012 3549 1177 3648 navalibus
1208 3546 1400 3617 Lesbiorum
1432 3549 1550 3644 copiis,
1584 3548 1613 3617 si
1640 3548 1747 3631 exteri,
1765 3545 1930 3642 *imprimis

181 3661 402 3748 Athenienses,
426 3685 547 3730 merces
568 3675 644 3729 ante
668 3683 739 3728 eam
763 3675 899 3728 aetatem
922 3657 1190 3753 Mytilenaeorum
1212 3660 1345 3729 navibus
1371 3674 1551 3755 exportatas
1571 3655 1611 3726 in'
1619 3657 1691 3752 ipsa
1704 3655 1809 3724 insula
1825 3680 1929 3725 eoem·

180 3769 266 3868 ptmi
294 3767 499 3864 appellerent,
529 3771 725 3841 commodius
755 3770 816 3839 sita
839 3785 909 3838 erat
923 3769 1062 3854 -Ercsus,
1095 3757 1132 3840 ut
1152 3795 1240 3838 mare
1274 3786 1417 3864 apertum
1441 3766 1650 3864 prospiciens.
1695 3765 1770 3834 Hoc
1790 3765 1928 3862 'potissi-

180 3907 269 3949 mum
292 3880 445 3976 oppidum
468 3903 489 3949 a
511 3881 737 3956 mercatoribus
762 3879 843 3949 adiri
867 3879 994 3948 solitum
1019 3905 1100 3966 esse,
1125 3881 1200 3949 inde
1224 3879 1319 3949 etiam
1349 3878 1546 3960 coniectatur,
1577 3875 1663 3969 quod
1691 3875 1840 3945 Eresiom
1863 3873 1929 3945 lere

184 3991 292 4060 mnam
315 4005 347 4058 et
369 3986 524 4058 hordeum
549 3991 736 4077 celebratur,
762 3991 828 4060 sive
851 4014 965 4058 revera
988 3989 1119 4060 eximiae
1143 3991 1293 4059 bonitatis
1317 3988 1356 4056 iis
1381 3986 1459 4055 locis
1483 4001 1582 4070 erant,
1612 3985 1678 4054 sive
1704 3985 1840 4079 quaein
1863 4001 1928 4053 tota

180 4101 286 4170 insula
307 4099 546 4196 proveniebant,
575 4103 615 4169 ab
644 4125 708 4169 uuo
736 4101 855 4196 oppido
884 4116 957 4168 sunt
984 4100 1198 4169 denominata.
1243 4097 1356 4166 Habes
1381 4119 1528 4164 catrssaru
1547 4121 1622 4164 vero
1646 4119 1712 4164 uon
1740 4093 1927 4182 absimilem,

182 4237 237 4282 cur
258 4210 455 4280 meretricem
479 4234 569 4278 suam
592 4208 753 4306 Nymphis
777 4211 925 4280 Eresiam
948 4209 1074 4310 lecerit,
1106 4209 1230 4292 Rursus
1255 4209 1307 4302 qui
1331 4207 1493 4301 antiquam
1515 4205 1672 4303 poetriam
1696 4203 1833 4274 describi
1855 4229 1927 4272 seu-

181 4337 297 4406 seraut‚
328 4320 422 4390 aunis
456 4317 574 4389 creduli
597 4320 643 4388 illi
666 4336 699 4387 et
720 4337 841 4408 ceteras
869 4319 1005 4389 fabellas
1040 4336 1072 4388 ct
1090 4318 1330 4387 habitationem
1362 4316 1460 4399 Eresi
1492 4318 1587 4385 fixam
1617 4316 1650 4384 in
1683 4312 1926 4382 commentarios

179 4431 363 4516 retulerunt,
394 4447 429 4500 ut
459 4453 479 4498 a
502 4429 603 4500 Soida
631 4431 749 4498 factum
773 4447 835 4514 est,
867 4430 919 4523 qui
943 4446 1065 4514 tamen,
1079 4438 1082 4448 '
1097 4428 1247 4524 quoniam
1271 4429 1310 4498 de
1336 4428 1456 4497 duabus
1483 4425 1710 4522 Sapphouihus
1735 4423 1796 4491 dici
1820 4421 1927 4490 audic-

147 4563 149 4570 ·
180 4559 240 4627 rat,
272 4541 444 4638 psaltriam
469 4541 514 4611 ait
542 4540 772 4635 Mytilenaeum
799 4539 908 4608 fuisse.
940 4539 1103 4632 'Iniquom
1134 4539 1173 4607 de
1202 4539 1325 4633 poetria
1348 4538 1541 4634 opinionem,
1566 4559 1663 4629 quam
1686 4561 1724 4602 ex
1752 4530 1926 4600 comoediis

180 4654 329 4747 spectatis
354 4649 561 4745 lectitatisque
586 4651 728 4720 homines
752 4650 955 4735 imbiberant,
977 4672 1034 4716 suo
1057 4649 1184 4743 ingenio
1215 4647 1440 4732 blandientem,
1469 4647 1625 4742 expressit
1649 4643 1802 4725 Ovidius,
1836 4641 1923 4710 etin

179 4761 330 4858 Epistola
352 4762 479 4857 saepius
502 4762 873 4848 nohis‘eommemorata,
893 4777 925 4830 et
944 4761 1014 4830 Art.
1029 4759 1137 4830 Amat.
1152 4756 1296 4847 Ill,'3at.
1312 4756 1448 4827 Remed.
1464 4757 1573 4825 Amor.
1585 4755 1660 4837 761.
1678 4750 1780 4820 Trist.
1796 4751 1837 4837 II,
1851 4749 1926 4819 365.
