4274 5290
1015 257 1074 350 66

172 471 249 540 dum
275 469 444 550 Canterns,
476 464 633 533 Athenaei
657 463 957 560 interpretationem,
988 465 1034 544 cic
1059 464 1310 560 κεχαρισμένον
1333 459 1473 554 μᾶλλον
1499 468 1572 541 τοῖς
1594 467 1702 549 θεοῖς,
1715 481 1716 484 ’
1731 477 1865 546 secutus,
1886 485 1932 530 ex

172 579 301 672 vulgata
320 576 452 645 lectione
477 575 556 643 haec
584 575 701 658 elicuit,
731 572 931 670 κεχάρισται
957 573 1118 670 ριᾶιιαρσι.
1161 575 1228 644 Sed
1255 571 1374 641 Aeoles
1403 571 1436 640 in
1466 572 1590 665 vulgari
1622 596 1745 666 quoqne
1779 595 1931 640 sermone

171 688 266 784 plene
286 685 462 756 efferebant
484 683 644 756 πάντεσσι
665 692 738 764 τοῖς
767 683 950 774 ᾰγώνεσσι,
986 682 1314 782 εὐεργετησάντεσσι,
1345 705 1442 776 qnare
1465 681 1710 777 praeferendum
1733 697 1783 749 est
1810 679 1932 770 μανιά-

173 826 274 895 ρεσσι,
301 811 332 866 et
351 811 386 862 ut
405 819 513 862 versus
539 794 682 862 similiter
706 811 800 887 atque
822 794 916 862 ceteri
941 811 1040 878 exeat,
1062 793 1273 862 adiiciendum
1292 797 1416 880 θεοῖσι,
1448 791 1488 860 dc
1510 815 1572 885 quo
1595 793 1724 860 nomine
1743 789 1932 884 frequenter

175 907 295 976 omisso
320 905 392 972 vide
415 903 598 972 Porsonnm
620 903 887 996 Schaefernmque
914 904 956 971 ad
970 905 1082 996 Eurip.
1098 903 1223 970 Phoen.
1240 911 1271 970 5.
1301 902 1408 970 Porro
1432 901 1644 970 Casaubonus
1671 901 1713 969 ob
1733 901 1931 968 mentionem

139 1099 147 1108 ἱ
172 1017 241 1092 τῶν
259 1015 422 1086 θυόντων
441 1014 482 1082 ab
505 1013 671 1082 Athenaeo
699 1013 847 1082 iniectam
873 1038 933 1107 pro
950 1029 1109 1109 ¹corrupto
1136 997 1305 1110 προτὲρφν
1333 1012 1522 1082 vocabulum
1546 1011 1708 1080 substituit
1730 1011 1773 1079 ad
1796 1027 1926 1078 senten·

173 1127 252 1194 tiam
279 1125 342 1194 loci
365 1123 538 1207 tolerabile,
574 1129 701 1219 ἱερεῖαι
739 1123 797 1190 sed
825 1139 943 1216 quanto
971 1124 1135 1192 venustius
1160 1122 1294 1216 Sappho
1321 1149 1420 1191 unum
1443 1121 1605 1217 quoddam
1626 1119 1803 1210 hostiarum
1826 1143 1929 1214 genus

171 1236 317 1304 nominat
346 1234 460 1328 puellis
488 1233 714 1328 gratissimum,
750 1235 941 1329 προτέλεια,
973 1257 1065 1302 sacra
1091 1249 1164 1302 ante
1191 1233 1319 1326 nuptias
1342 1231 1438 1317 sacta,
1466 1230 1553 1325 quod
1575 1229 1764 1299 vocabulum
1786 1229 1928 1299 illustra·

172 1361 249 1414 runt
269 1343 517 1436 Wesselingius
541 1344 584 1412 ad
605 1341 706 1410 Diod.
724 1343 789 1412 Sic.
804 1343 850 1428 V,
865 1359 920 1424 73.
944 1359 975 1410 et
997 1341 1207 1412 Ruhnkenius
1231 1342 1274 1411 ad
1297 1333 1385 1409 Tim.
1401 1368 1434 1436 p.
1448 1349 1523 1409 225.
1568 1340 1718 1409 Absurde
1748 1356 1853 1410 autem
1876 1341 1928 1408 iu-

170 1469 220 1523 ter
246 1479 363 1522 nomen
393 1455 575 1550 προτέλεια
604 1469 636 1520 et
658 1451 821 1546 epitheton
843 1450 998 1524 εὐάνθεα
1024 1450 1157 1520 insertur
1178 1455 1326 1541 πέλεται,
1364 1477 1461 1546 quum
1483 1451 1570 1519 aliud
1593 1467 1693 1519 exstet
1715 1451 1848 1518 verbum
1868 1478 1929 1521 ιιι-

85 1557 107 1582 ”
170 1562 353 1660 χάρισταιι
377 1563 514 1630 absurde
537 1561 721 1630 Athenaeus
744 1563 900 1656 poetriam
922 1579 1012 1656 putat
1034 1587 1101 1646 eos,
1125 1562 1179 1656 qui
1203 1560 1443 1645 sacretariam,
1468 1560 1637 1645 exhortari,
1660 1577 1695 1630 ut
1719 1561 1862 1630 coronati
1884 1558 1930 1630 ad

171 1697 245 1742 aras
269 1671 430 1755 accedant,
453 1672 622 1764 quiahoc
645 1672 690 1738 sit
700 1671 877 1762 floridius,
902 1673 1026 1765 diisque
1049 1672 1181 1766 gratius.
1234 1671 1369 1767 Sappho
1394 1672 1468 1740 dum
1490 1671 1630 1766 puellam
1651 1687 1754 1764 rogat,
1777 1685 1812 1739 ut
1834 1694 1928 1740 coro·

172 1806 232 1850 nas
262 1781 362 1850 comis
391 1780 548 1875 imponat,
586 1781 694 1876 lepido
723 1781 784 1850 boc
805 1783 904 1851 utitur
926 1798 1128 1876 argumento,
1167 1781 1253 1876 quod
1276 1782 1372 1850 etiam
1394 1779 1517 1849 hostiae
1541 1781 1615 1848 illae
1637 1779 1769 1850 floribus
1793 1795 1927 1848 ornatae

174 1891 237 1959 diis
262 1890 326 1958 sint
349 1891 553 1986 acceptiores.
613 1891 688 1960 Hoc
710 1892 830 1976 etiam,
865 1895 938 1973 καὶ,
975 1892 1017 1960 ad
1039 1892 1213 1976 sententiae
1236 1891 1449 1985 integritatem
1471 1891 1701 1974 necessarium,
1732 1889 1759 1958 si
1783 1915 1820 1958 eo
1844 1889 1928 1974 loco,

68 1997 82 2014 ⁸
173 2001 258 2070 unde
281 2003 417 2071 πέλεται
445 2001 600 2086 eiicimus,
623 2001 777 2070 insertum
799 2001 909 2087 fuerit,
936 2003 1080 2070 metrum⁴
1094 2025 1218 2097 quoque
1242 2001 1410 2070 constabit.
1462 2000 1547 2070 Illud
1568 2017 1674 2069 amem
1695 2003 1833 2071 πέλεται
1859 2025 1927 2067 me·

175 2111 255 2179 uico
278 2110 404 2178 videtur
427 2110 550 2196 deberi,
585 2128 757 2205 postquam
778 2113 812 2180 in
834 2127 924 2206 parte
947 2111 1049 2180 altera
1070 2112 1230 2179 turbatum
1253 2127 1334 2195 erat,
1369 2111 1415 2179 sic
1436 2126 1571 2180 metrum
1592 2112 1756 2178 restituere
1781 2110 1926 2178 conanti:

105 2241 107 2246 '
172 2216 343 2291 Etiaivdeoe
364 2216 432 2316 γαρ
460 2223 519 2290 καὶ
546 2224 682 2292 πέλεται
703 2225 764 2292 καῖ
787 2209 927 2317 Vsipetes·
948 2220 1131 2317 μάκαιραι.
1187 2219 1297 2289 Tanto
1320 2221 1522 2290 verisimilius
1545 2221 1589 2306 fit,
1623 2220 1717 2314 primi
1739 2219 1834 2288 etiam
1856 2244 1927 2287 ver·

174 2353 228 2398 sus
257 2329 445 2423 particulam
472 2327 541 2426 παρ
572 2332 684 2399 eadem
714 2331 835 2424 origine
864 2331 1072 2400 derivandam
1100 2355 1182 2398 esse.
1227 2329 1400 2399 Postrema
1427 2331 1473 2400 sic
1504 2357 1574 2400 cum
1605 2330 1768 2424 Scaligero
1791 2330 1929 2399 restituit

173 2437 403 2509 Casaubonus:
426 2437 687 2537 ἀστεφανώτους
709 2437 1032 2538 ῖᾰποιιτρὲφονται.
1075 2439 1369 2538 Ἀιιιιστριφονται
1398 2457 1434 2509 ut
1455 2441 1622 2508 Aeolicum
1644 2440 1822 2508 vindicavit¹
1837 2441 1927 2509 Koe-

172 2549 245 2616 nius
276 2548 319 2616 ad
348 2547 484 2640 Gregor.
500 2575 532 2641 p.
544 2550 624 2632 ὁδός
658 2547 767 2619 confer
789 2551 903 2645 fragm.
919 2548 1030 2619 XXV.
1086 2550 1176 2618 Idem
1197 2579 1230 2646 p.
1245 2550 1321 2619 618.
1343 2549 1438 2644 primi
1464 2573 1574 2619 versus
1603 2549 1786 2650 στεφάνοις
1813 2567 1845 2618 ct
1866 2549 1929 2621 hoc

173 2654 428 2753 ἀστεφανώτοις
451 2671 557 2726 tuetm
584 2675 620 2728 ut
648 2661 844 2728 accusativos
868 2659 1037 2728 Aeolicos:
1072 2659 1152 2729 illud
1173 2677 1273 2745 recte,
1302 2659 1395 2730 buius
1418 2687 1477 2728 nec
1498 2677 1636 2730 metrum
1656 2663 1774 2755 patitur
1795 2675 1811 2731 ῖ
1833 2660 1928 2730 finale

172 2766 277 2850 abiici,
300 2789 402 2858 neque
424 2790 614 2860 praegresso
636 2771 763 2839 nomine
786 2775 991 2866 προτιλείιον
1017 2767 1207 2858 mandeba,
1231 2771 1423 2839 contrarium
1445 2771 1632 2839 adiectivum
1649 2770 1797 2864 subiungi
1820 2787 1928 2865 potest

174 2875 218 2946 ad
250 2873 398 2942 homines
427 2873 572 2945 relatum.
617 2879 803 2950 Herodotus
833 2905 909 2949 vero
929 2879 991 2966 lV,
1013 2888 1067 2949 28.
1092 2887 1304 2978 κεχαρίσθαι
1330 2905 1401 2950 cum
1428 2880 1535 2949 dativo
1557 2882 1725 2966 construit,
1757 2897 1789 2950 et
1810 2881 1927 2967 1,155.·

172 2983 292 3067 scribit,
315 2990 355 3054 εἴ
366 3013 427 3073 μοι
450 2983 619 3059 ἀπεστᾶσι.
665 2989 776 3079 Quare
804 2991 939 3058 eundem
967 3016 1076 3060 casum
1103 2991 1234 3061 ferimus
1262 2993 1295 3060 iu
1325 3006 1437 3059 nostro
1460 2991 1568 3059 verbo.
1615 2991 1678 3060 His
1700 2991 1797 3086 igitur
1819 3017 1927 3062 emen·

177 3093 361 3163 dationibus
383 3095 539 3190 probatis,
560 3099 657 3167 totius
680 3099 850 3190 fragmenti
872 3099 950 3167 haec
972 3099 1076 3170 samaa
1098 3103 1172 3169 erit:

493 3205 547 3280 22>
570 3207 610 3279 dd
631 3206 820 3305 στεφάνοις,
843 3215 1076 3290 [Μνασιδίκα]
1101 3208 1203 3280 θέσθ’
1226 3213 1366 3307 ἐραταῖς
1385 3208 1566 3310 φόβαισιν,

490 3314 644 3412 ὅρπακας
665 3316 780 3416 ἀνήτω
803 3317 1013 3416 σανεέῤῥαισ
1037 3316 1203 3390 ἁπαλαῖσι
1224 3325 1357 3416 χερσίν·

491 3424 648 3500 eddadem
673 3424 741 3525 γοῖρ
764 3433 823 3499 καὶ
843 3429 1045 3526 κεχάρισται
1071 3429 1258 3526 μακάρεσσι
1288 3431 1439 3522 [θεοῖσι]

491 3535 631 3626 μᾶλλον
655 3537 819 3634 apore'tp',
841 3537 1107 3638 ἀστεφανώτοισι
1131 3538 1162 3611 d'
1184 3539 1470 3638 ἀποστρέφονται.

176 3643 228 3713 Tu
248 3667 326 3714 vero
348 3668 513 3730 coronas,
542 3647 749 3732 Mnasidica,
777 3649 914 3740 impone
936 3649 1141 3717 arnabilibas
1167 3651 1291 3735 comis,
1325 3649 1479 3718 surculos
1504 3649 1622 3719 anethi
1637 3663 1774 3721 nectens
1802 3655 1926 3722 teneras

173 3754 351 3822 manibus:
384 3781 466 3823 nam
485 3757 638 3848 floribus
664 3769 814 3826 ornatae
838 3761 941 3826 etiam
972 3761 1185 3850 acceptiores
1211 3751 1293 3828 siant
1324 3761 1389 3828 diis
1413 3761 1666 3829 immortalibus
1693 3761 1827 3832 hostiae
1848 3776 1928 3833 ante

59 3862 64 3868 ’
172 3858 314 3952 nuptias
346 3864 560 3949 immolatae,
597 3890 668 3934 non
686 3879 872 3936 coronatas
904 3880 1021 3937 autem
1053 3882 1258 3938 aversantur.
1304 3871 1343 3938 ln
1369 3868 1536 3942 ἁπαλαῖσι
1568 3870 1714 3967 spiritum
1743 3873 1860 3961 lenem,
1894 3875 1927 3944 iu

75 4067 80 4075 Ι
172 3973 345 4068 πρατιῖῑηα
375 3973 518 4041 vocalem
542 3975 706 4044 Aeolicam
729 3979 930 4046 commendat
953 3973 1126 4073 depravata
1149 3979 1301 4048 librormn
1324 3982 1490 4076 scriptura.
1757 3989 1762 4000 '

309 4080 405 4170 Quae
428 4108 505 4151 vero
527 4083 705 4176 fragmenta
727 4087 788 4155 tria
812 4088 993 4182 disparibus
1021 4089 1143 4156 caussis
1171 4089 1211 4157 ab
1236 4089 1476 4184 Hephaestione
1499 4107 1531 4159 et
1551 4090 1717 4161 Athenaeo
1741 4111 1927 4164 conservata

176 4204 261 4274 sunt,
285 4187 317 4258 in
341 4188 391 4257 his
415 4192 641 4262 constituendis
665 4197 709 4265 ita
734 4198 849 4264 versati
872 4223 991 4282 sumus,
1013 4214 1049 4266 ut
1071 4197 1160 4266 nulla
1181 4199 1215 4266 in
1237 4215 1281 4284 re,
1304 4200 1368 4268 nisi
1390 4201 1424 4268 in
1441 4201 1657 4270 confirmando
1676 4203 1804 4272 nomine
1820 4209 1927 4276 Μνα-

174 4304 290 4372 σιδίιιοι
312 4299 427 4391 fragm.
443 4299 568 4386 XLIV,
593 4303 632 4370 ab
656 4305 754 4374 altero
779 4306 869 4375 alteri
893 4333 987 4403 opem
1010 4324 1200 4400 peteremus.
1251 4309 1401 4378 Attamen
1424 4334 1489 4378 non
1512 4327 1635 4380 tantum
1656 4313 1786 4382 metrica
1809 4339 1925 4408 aequa·

174 4409 249 4480 litas
271 4411 306 4478 in
328 4409 367 4478 iis
390 4411 593 4505 conspicitur,
618 4437 698 4506 quae
721 4442 833 4487 caussa
855 4416 924 4501 fuit,
946 4433 982 4485 ut
1004 4419 1152 4486 continuo
1176 4419 1286 4488 ordine
1309 4419 1537 4508 exhiberemus,
1566 4423 1624 4490 sed
1647 4424 1823 4515 argumenti
1847 4451 1926 4520 quo·

110 4561 115 4570 ·
176 4543 236 4612 que
258 4545 341 4589 nexu
362 4537 430 4588 tarn
452 4537 521 4588 arto
545 4523 751 4608 continentur,
780 4543 814 4594 ut
836 4529 879 4595 ex'
896 4551 959 4594 uno
983 4527 1121 4596 carmine
1145 4529 1312 4624 desumpta
1335 4533 1559 4600 existimemus.
1607 4531 1709 4601 Cuius
1732 4535 1855 4604 initium
1877 4535 1925 4604 Ia·

174 4627 278 4696 ciebat
300 4626 414 4721 hagm.
430 4629 543 4712 XLII;
578 4632 756 4724 proximum
777 4633 881 4704 locum
902 4655 938 4706 ut
960 4637 1073 4732 sragm.
1095 4637 1217 4707 XLIII.
1241 4641 1416 4711 obtinuisse
1439 4641 1622 4728 iudicemus,
1651 4643 1728 4712 sinit
1750 4644 1927 4739 argumenti

174 4735 273 4818 rati03
297 4739 346 4806 cui
369 4739 581 4811 etiamsinon
603 4742 801 4816 continuetur
823 4745 938 4837 fragm.
952 4747 1077 4833 XLIV,
1100 4766 1133 4818 at
1154 4777 1226 4819 cum
1248 4751 1363 4820 nimiae
1384 4741 1561 4823 maestitiae
1586 4753 1828 4850 exprobratione
1851 4772 1926 4853 apte

2111 325 2117 544 l
