4242 5300
1064 266 1124 360 33

904 381 908 389 “
982 384 1198 399 m

216 475 287 543 cod.
304 473 414 543 Vatic.
435 497 569 542 monens
598 499 632 542 se
662 489 804 542 notatum
832 473 949 542 vidisse
977 473 1145 571 βρόχεως.
1190 475 1233 542 ls.
1249 474 1389 544 Vossius
1413 504 1450 544 ex
1473 478 1544 558 cod.
1556 475 1662 545 Paris.
1676 479 1721 558 ὠς
1745 475 1812 575 yrip
1834 487 1965 554 cidare

214 589 372 680 βραχέας
394 614 439 674 με
465 580 593 682 peirac,
622 583 674 677 qui
697 584 779 650 unde
804 583 888 651 dicat
909 583 991 652 male
1015 584 1110 676 vulgo
1131 587 1313 681 βρουχέως
1336 585 1440 670 scribi,
1464 601 1529 654 non
1552 589 1773 683 comperimus.
1820 589 1964 660 Tollius:

212 695 258 772 ὠς
277 693 343 790 γᾶρ
363 701 441 764 εἴδω
466 723 512 781 us,
535 691 656 788 βρόχέ
677 693 724 772 ὥς
740 722 785 782 με
807 694 933 790 φωνᾶς.
979 693 1099 761 Bloml.
1122 694 1169 773 ὥς
1192 724 1228 765 τε
1254 691 1322 792 γᾶρ
1345 694 1449 783 Fidei,
1481 699 1640 792 βροχάος
1661 727 1705 784 με
1728 699 1856 796 φωνᾶς,
1886 699 1964 770 illud

212 802 240 871 F
242 805 306 874 ulei
333 803 542 872 corroborans
566 801 683 869 Latino
714 802 823 886 vr'dco,
859 818 890 870 et
915 802 954 872 τέ
979 827 1039 897 pro
1061 804 1249 896 pronomine
1271 803 1383 872 baberi
1405 805 1527 874 iubens.
1573 808 1794 876 Hermannus:
1827 811 1872 889 ric
1893 807 1961 906 γᾰρ

212 909 326 985 εἰσίδω
346 909 483 1009 βροχέ,
506 910 553 990 ὥς
571 939 615 1000 με
641 913 774 1008 porris:
806 910 924 1004 quain
947 911 1125 981 coniectura
1147 938 1241 1006 aegre
1264 938 1441 1007 pronomen
1464 915 1691 986 desideramus.
1737 914 1842 986 Nobis
1866 919 1962 988 lenis-

133 1001 143 1018 .
213 1024 295 1091 sima
317 1023 386 1092 visa
408 1037 457 1091 est
479 1019 668 1106 emendatio,
703 1020 731 1088 si
753 1020 838 1091 ciere
860 1045 919 1116 pro
942 1020 1070 1114 vulgato
1093 1022 1139 1102 ὠς
1162 1023 1364 1091 scriberetur:
1399 1025 1485 1118 quod
1513 1027 1541 1094 si
1568 1025 1645 1095 alibi
1671 1049 1736 1094 non
1760 1027 1963 1098 observatum

213 1148 443 1227 estpotestate
471 1127 640 1224 temporali
666 1145 865 1224 usurpatum,
899 1147 931 1198 at
953 1129 1044 1210 ὅκως
1068 1161 1105 1203 τε
1129 1158 1167 1202 ea
1189 1132 1221 1200 vi
1242 1130 1340 1201 habet
1361 1133 1544 1202 Herodotus
1568 1136 1608 1221 II,
1642 1144 1712 1203 108.
1761 1135 1858 1225 Quod
1887 1163 1964 1206 vero

214 1242 418 1310 Hermannus
451 1266 522 1308 curn
547 1238 657 1307 Tollio
678 1243 838 1336 βροχεὲος
864 1240 896 1307 in
927 1240 989 1309 duo
1011 1239 1166 1310 vocabula
1194 1241 1350 1327 distrahit,
1384 1242 1466 1310 solet
1489 1267 1566 1313 sane
1590 1244 1740 1341 duplicati
1762 1246 1807 1326 ὥς
1829 1271 1962 1342 respon·

206 1351 302 1441 ¹sione
332 1348 477 1420 celeritas
504 1366 634 1417 eventus
662 1349 761 1444 pingi,
795 1364 830 1416 ut
855 1349 948 1418 Iliad.
965 1357 1086 1438 12911.
1106 1381 1135 1422 r.
1158 1349 1208 1417 16.
1228 1381 1260 1420 v.
1278 1365 1354 1429 191.
1400 1350 1585 1439 Theocr.2,
1601 1363 1653 1422 32.
1678 1371 1708 1439 3,
1725 1369 1777 1440 eo,
1807 1356 1864 1423 scd
1892 1380 1964 1425 carn

212 1461 317 1556 ipsam
340 1459 531 1528 celeritatem
555 1458 645 1552 quasi
667 1459 969 1555 11111111ιβροχέα
991 1460 1089 1554 priori
1111 1460 1255 1528 membro
1278 1461 1431 1528 additum.
1476 1458 1554 1530 Non
1577 1478 1678 1544 vacat,
1707 1463 1850 1549 latemur,
1878 1465 1963 1534 omui

212 1569 391 1638 offensione
418 1571 578 1664 βροχέως
607 1569 646 1635 de
673 1593 707 1635 re
734 1569 887 1662 positum,
926 1593 988 1663 qua
1011 1571 1080 1662 quis
1104 1569 1272 1654 alliciatur,
1307 1594 1403 1663 quum
1426 1570 1465 1639 de
1489 1571 1610 1640 actione
1633 1571 1739 1666 aliqua
1762 1576 1963 1666 exsequenda

210 1679 359 1748 usitatum
375 1679 431 1746 sit:
456 1705 551 1772 quum
575 1693 681 1745 tamen
702 1676 735 1744 in
751 1675 923 1745 blachouis
947 1678 1089 1746 versibus
1114 1680 1199 1773 apud
1214 1678 1330 1747 Athen.
1342 1679 1438 1746 VIII.
1454 1707 1487 1774 p.
1501 1695 1576 1762 349.
1593 1705 1622 1748 a.
1636 1681 1758 1774 legatur
1780 1681 1962 1778 ἐμεθύσθη

211 1789 410 1878 συντόμως,
443 1788 578 1856 eundem
600 1785 703 1854 locum
725 1800 834 1853 nostro
857 1785 1011 1854 vocabulo
1034 1789 1269 1856 eoncedendum
1291 1789 1492 1857 arbitramur.
1539 1787 1644 1858 Nimis
1669 1791 1772 1884 inepte
1796 1791 1851 1860 alii
1871 1797 1963 1888 βρο-

211 1887 300 1991 χέώς
323 1925 394 1966 cum
414 1895 572 1992 βρόγχῳ,
604 1906 753 1986 gutture,
786 1895 988 1988 coniungunt.
1033 1896 1096 1964 Vs.
1110 1905 1140 1963 8.
1157 1896 1284 1964 codices
1313 1913 1391 1964 teste
1415 1897 1545 1992 Toupio
1572 1899 1639 1966 fere
1667 1925 1777 1968 omnes
1804 1907 1897 1989 εἴκει,
1926 1929 1963 1973 ert

211 2008 335 2077 Eliensi
357 2006 501 2110 proditur
522 2004 567 2076 ἔπ’
580 2004 665 2103 ἥκει.
700 2003 852 2072 Editores
874 2002 929 2073 ἔθ’
946 2005 1029 2100 ἥκει,
1051 2006 1171 2099 primus
1190 2005 1336 2100 Toupius
1360 2014 1434 2091 iicet,
1458 2023 1492 2074 ut
1513 2004 1730 2100 fragrn.LXl.
1746 2008 1809 2078 Vs.
1823 2024 1854 2092 9.
1885 2010 1963 2080 Par.

211 2116 336 2186 etVatss
350 2133 380 2184 8.
402 2115 471 2186 κᾶν
495 2116 563 2204 μέν
591 2116 735 2205 γλῶσσα,
758 2112 882 2182 Vatss.
898 2131 929 2182 et
943 2112 1039 2182 Laus.
1055 2115 1124 2186 xciv
1150 2115 1195 2204 μέ
1216 2115 1384 2206 γλῶσσαν,
1407 2115 1547 2186 Vossius
1571 2143 1587 2184 1
1612 2117 1736 2212 scriptis
1761 2118 1849 2188 libris
1872 2148 1964 2210 καμ-

210 2227 285 2316 μεῡ,
311 2225 466 2294 Boivinus
490 2221 566 2294 ἀλλ’
588 2219 681 2294 circeia
702 2226 778 2312 μέν,
811 2224 876 2290 sed
899 2224 1001 2292 tacite
1023 2225 1167 2316 quidem.
1211 2224 1279 2293 Pro
1307 2225 1452 2293 codicum
1480 2225 1629 2312 omnium,
1662 2225 1803 2295 Parisini
1826 2252 1962 2322 quoquc,
2081 2265 2083 2277 ·

211 2353 246 2405 nt
266 2335 396 2404 Bestius
420 2349 561 2418 testatur,
584 2332 718 2404 lectione
741 2337 830 2424 έαγς,
853 2331 994 2401 Vossius
1018 2359 1035 2402 c
1059 2333 1185 2429 scriptis
1209 2332 1310 2420 libris,
1338 2351 1372 2402 ut
1395 2334 1479 2420 dicit,
1502 2338 1620 2430 oebrye,
1645 2359 1665 2404 a
1686 2335 1784 2405 verbo
1806 2343 1883 2422 σι’ζω
1906 2339 1961 2407 de·

212 2446 349 2528 ductum,
374 2445 431 2512 sed
453 2443 532 2513 nibil
555 2441 618 2511 tale
641 2443 675 2510 in
697 2443 768 2510 cod.
780 2441 887 2510 Paris.
900 2467 982 2527 csse,
1006 2443 1048 2511 ad
1072 2469 1165 2537 quem
1188 2442 1419 2512 alibi'Vossius
1439 2450 1602 2540 provocat,
1626 2446 1735 2514 scribit
1747 2447 1844 2515 'etiam
1859 2447 1969 2518 Pearae

210 2555 286 2627 cius.
331 2541 505 2623 Bamesius
528 2555 660 2646 πέπηγε.
705 2551 877 2620 Librorum
898 2551 1065 2622 lectionem
1087 2569 1190 2623 tuetur
1209 2553 1349 2621 Lucretii
1371 2552 1502 2622 imitatio
1518 2555 1576 2639 Ill,
1595 2565 1656 2622 155
1673 2581 1763 2652 seqq.
1807 2557 1962 2626 Sudorcs

209 2665 327 2758 itaque
356 2673 390 2731 ct
411 2664 586 2754 pallorem
610 2662 779 2730 exsistere
800 2663 1066 2752 toto·Corporc,
1102 2673 1137 2730 ct
1163 2662 1351 2754 infringi
1374 2664 1576 2754 linguam,
1614 2688 1794 2758 vocemque
1819 2666 1961 2750 aboriri,

214 2774 376 2866 Caligare
399 2773 528 2854 oculos,
556 2796 681 2840 sonere
708 2771 835 2855 aurcis,
864 2773 1043 2840 succidere
1071 2782 1182 2839 artus.
1228 2772 1363 2840 ¹Ibidem
1395 2800 1465 2842 cum
1493 2773 1641 2842 Manutio
1671 2773 1800 2870 Steph.,
1832 2775 1960 2860 Ursin.,

212 2884 321 2978 Toup.
346 2880 465 2972 ylricc’
491 2879 562 2973 iay'
589 2881 639 2950 vel
667 2879 752 2980 e'dyq
780 2907 851 2949 cum
879 2880 1028 2974 synizesi‚
1063 2879 1110 2952 ἄν
1137 2881 1176 2952 δέ
1206 2880 1343 2952 λεπτόν.
1400 2880 1537 2950 Robort.
1562 2899 1661 2952 totum
1688 2907 1814 2952 versum
1836 2885 1961 2954 omittit.

211 2991 275 3063 Vs.
290 3005 340 3062 10.
363 2990 500 3060 Robort.
514 2989 543 3062 ai
558 2989 691 3063 αὐτίκα.
734 2990 815 3060 Vat.
831 3005 960 3084 uterque
983 3007 1014 3058 et
1035 2989 1133 3058 Laur.
1149 2989 1435 3086 ὑιιεδεδρόμακεν,
1459 2991 1569 3060 1Ρ11.
1585 2991 1716 3061 Bastius
1739 3008 1847 3062 enotat
1869 2995 1959 3066 rina-

211 3101 439 3200 δεδρόμακεν,
470 3102 519 3171 11ιί
542 3101 722 3170 adhibenda
744 3117 794 3170 est
820 3100 999 3202 observatio
1023 3100 1233 3169 Grammatici
1258 3100 1291 3168 in
1313 3099 1451 3168 Belrlreri
1474 3101 1616 3172 Anecdd.
1631 3101 1690 3171 Gr.
1705 3130 1738 3198 p.
1752 3111 1827 3185 9118.
1850 3099 1962 3196 viriati

187 3211 454 3311 ,Δωραιᾶῐερον
475 3209 558 3304 dud,
573 3207 746 3308 εἰρημένη.
790 3209 926 3280 Robort.
949 3209 1242 3305 rinodcdpdpcoaeeu.
1292 3209 1359 3279 Sed
1381 3209 1602 3296 Blomlieldus,
1631 3212 1706 3305 quia
1728 3211 1781 3280 lua
1803 3228 1835 3281 et
1857 3211 1961 3304 caligo

210 3325 309 3409 eaelo,
332 3323 451 3415 lanugo
474 3338 505 3389 et
526 3321 624 3390 rubor
645 3321 746 3413 genis,
777 3319 864 3390 color
886 3320 1015 3389 omnino
1038 3319 1223 3414 corporibus
1246 3322 1439 3416 ἐπιτρέχειν
1461 3321 1590 3406 dicatur,
1617 3319 1678 3390 boc
1700 3321 1806 3414 potius
1822 3319 1961 3390 ¹verbum

211 3450 321 3504 nostro
345 3457 471 3527 quoquc
494 3429 565 3501 loco
592 3430 765 3524 requisivit,
797 3430 846 3500 cui
868 3429 963 3499 etiam
986 3427 1109 3496 dativus
1133 3429 1291 3523 aptandus
1315 3447 1400 3498 esset
1421 3454 1481 3524 pro
1504 3430 1716 3527 111111χρῶι
1750 3453 1843 3522 quem
1873 3453 1960 3498 erro·

210 3571 278 3614 rem
300 3543 333 3612 in
357 3540 472 3636 Suppl.
489 3540 679 3608 Animadvv.
695 3539 840 3608 correxit.
898 3537 1045 3606 Flamma
1073 3538 1156 3606 enim
1184 3538 1268 3638 subit
1297 3555 1395 3624 artus,
1430 3539 1533 3608 tenuis
1562 3539 1656 3622 dicta,
1691 3537 1764 3631 quia
1792 3538 1824 3605 in
1848 3562 1960 3608 omnes

211 3669 319 3750 partes
342 3667 499 3747 penetrat.
543 3648 717 3719 Efficacius
740 3650 836 3743 igitur
857 3647 918 3718 boc
940 3675 1011 3716 cum
1033 3647 1160 3716 nomine
1184 3647 1373 3718 adiectivum
1396 3664 1604 3734 construetur,
1628 3671 1724 3740 quam
1744 3646 1773 3715 si
1787 3647 1884 3722 cuiin
1899 3648 1961 3719 hac

209 3761 413 3834 affectionum
446 3785 574 3846 suarum
607 3760 817 3856 descriptione
850 3775 992 3843 teneram
1025 3781 1095 3825 sese
1127 3781 1165 3826 ac
1196 3755 1326 3825 mollem
1357 3759 1481 3852 poetria
1512 3757 1627 3826 diserte
1660 3756 1805 3825 videatur
1832 3758 1959 3828 dixisse.

209 3871 273 3943 Vs.
290 3889 340 3940 11.
356 3872 448 3942 codd.
461 3870 541 3940 Vat.
553 3887 584 3938 3.
607 3869 662 3938 El.
673 3870 772 3938 Laur.
785 3886 816 3938 et
831 3885 910 3937 teste
923 3867 1036 3936 Bastio
1047 3865 1126 3934 Par.
1141 3865 1311 3957 duudrcqr,
1336 3865 1415 3936 Vat.
1428 3880 1459 3934 2.
1474 3877 1645 3952 ouumeoc',
1668 3864 1821 3958 Pearcius¹
1836 3867 1870 3936 iu
1881 3867 1959 3937 Par.

132 3996 137 4007 “
208 3982 411 4057 dordracum
435 3980 586 4075 scriptum
608 3980 715 4049 tradit.
760 3978 913 4064 Robort.,
932 3977 1092 4076 blanut.‚=
1110 3975 1239 4072 Steph.,
1268 3975 1418 4060 Ursinus,
1440 3974 1551 4044 Faber
1568 3972 1783 4063 ὀμμάτεσσιν.
1829 3977 1959 4074 Duplex

209 4109 240 4168 n·
263 4093 296 4162 in
319 4117 358 4162 eo
381 4089 536 4160 vocabulo
559 4107 714 4159 annotant
730 4089 866 4183 Gregor.
880 4090 956 4159 Cor.
968 4086 1061 4157 Aeol.
1078 4099 1106 4168 §.
1119 4103 1158 4164 11.-
1172 4085 1327 4180 ceterique
1344 4084 1561 4170 Grammatici,
1585 4085 1639 4180 q‘ui
1662 4086 1776 4155 eodem
1798 4086 1958 4156 volumine

209 4199 528 4298 comprehcudrmuu,
556 4215 588 4266 et
601 4198 709 4294 Etym.
722 4199 773 4268 Μ.
786 4227 819 4294 p.
832 4199 908 4284 621,
928 4213 978 4281 19.
1002 4198 1173 4268 secondum
1200 4195 1269 4270 cod.
1286 4193 1488 4280 Leidensem,
1525 4194 1612 4264 cuius
1640 4194 1808 4266 lectionem
1837 4220 1955 4290 propo·

209 4313 272 4384 suit
294 4313 399 4380 Koen.
416 4309 458 4378 ad
482 4309 617 4402 Gregor.
634 4337 666 4404 p.
680 4317 755 4378 581.
779 4308 860 4376 blox
882 4309 962 4378 Vat.
975 4323 1006 4375 2.
1027 4305 1125 4405 ὁρῆμ’
1143 4307 1174 4402 ἡ,
1195 4305 1274 4374 Vat.
1288 4321 1318 4372 3.
1334 4321 1365 4372 et
1380 4303 1478 4374 Lacu.
1494 4303 1593 4400 ορῆμ’
1617 4305 1649 4402 ἡ,
1671 4331 1710 4374 ex
1731 4304 1809 4374 Par.
1823 4305 1956 4376 Bestius

208 4437 317 4494 enotat
337 4421 416 4517 ὁρῆι
439 4415 501 4512 μή,
524 4417 676 4488 Pearcius
699 4417 767 4515 ὁρῆ
780 4415 839 4516 μή.
861 4417 1002 4487 Vossius
1025 4417 1057 4485 in
1080 4417 1150 4486 cod.
1165 4415 1243 4484 Par.
1259 4411 1441 4500 ‹iuudreuoc
1463 4431 1494 4484 et
1518 4415 1639 4511 ὅρημι,
1660 4415 1693 4483 in'
1716 4413 1828 4482 eodem
1850 4431 1955 4483 autem

209 4530 303 4604 simul
326 4530 429 4628 dpquc
451 4555 522 4600 esse
545 4529 663 4598 scribit.
708 4529 747 4596 In
768 4545 901 4621 utroque
917 4527 996 4596 Vat.
1013 4524 1209 4618 zaccagnius
1232 4523 1309 4617 legit
1330 4524 1447 4622 ὅρημι.
1490 4523 1627 4593 Robort.
1643 4522 1766 4619 ὀρῶμι,
1789 4523 1883 4591 ceteri
1905 4524 1955 4593 vel

209 4643 316 4740 ὅρρμι
336 4640 387 4708 vel
407 4637 521 4736 ὅρημι.
561 4636 756 4732 Hesychius:
779 4637 920 4735 ὅρημαι,
940 4635 1021 4731 ὁρῶ.
1058 4633 1374 4732 Ρ111ἰ1ἰρίιιηιὸρεὶς
1392 4633 1558 4704 inPittaci
1573 4630 1708 4728 epistola
1723 4647 1839 4726 estap.
1854 4631 1954 4728 Diog.

167 4732 169 4738 ,
199 4751 317 4838 ,baert
330 4751 360 4838 I,
369 4757 425 4826 81.
469 4749 640 4819 Postremo
654 4746 733 4819 Va't.
746 4763 777 4817 2.
791 4765 821 4818 ³.
837 4764 869 4818 et
888 4747 1002 4842 Bastio
1025 4761 1105 4842 teste
1128 4743 1206 4814 Par.
1226 4747 1440 4846 ἕπιρορβεῒσι
1469 4739 1500 4816 δ’
1514 4742 1629 4830 ἄκουε,
1656 4740 1690 4810 in
1717 4765 1780 4836 quo
1801 4739 1954 4816 Pearcius

1594 4860 1640 4931 [5]
1868 4861 1881 4890 ²
