4274 5290
317 509 585 701 Hephaestiop.
604 570 658 638 63.
688 567 801 643 Kol'
782 603 907 646 ιωνιιια
929 574 999 648 α’τιο
991 573 1177 668 μείζονος
1198 580 1365 701 τρίμετρα
1387 574 1722 675 βραχυκατᾶλιμιτα,
1750 613 1794 657 τα
1815 588 1946 662 καλού-

194 710 284 774 μινα
309 681 581 812 Προιξίλλιια,Ιὶ
556 711 580 752 α
602 709 668 773 την
688 681 755 772 μέν
776 682 920 781 πρωτην
940 682 1053 778 ἔχει’
1034 683 1189 786 corneae,
1221 712 1287 775 την
1308 686 1346 756 δέ
1368 688 1537 784 δευτέραν
1558 690 1775 786 τροχαθιήν·
1794 697 1895 769 οίά’
1874 729 1947 774 εστι

195 787 241 863 roi
263 795 408 864 τοιαῦτα
436 791 614 888 Σαπφοῦς·
919 837 923 846 ·

745 896 892 998 Πλήρης
911 902 978 992 μέν
1000 900 1156 1000 ἐφαίνεθ’
1175 902 1200 973 α’
1222 900 1361 990 σελάνα,

741 1037 780 1080 αι
773 1009 832 1082 ὁ
850 1012 895 1091 αἱς
919 1016 996 1109 περὶ
1017 1011 1143 1103 βωμόν
1164 1009 1372 1138 ἐστάθησαν.

192 1119 307 1189 Pleno
328 1117 462 1210 quidem
485 1115 678 1208 apparebat
699 1118 800 1202 luno,
830 1120 913 1189 illae
936 1145 1014 1189 eero
1034 1132 1221 1212 postquam
1244 1122 1335 1189 cirta
1357 1147 1455 1190 arom
1477 1125 1695 1200 adstiterunt
1737 1130 1791 1200 De
1813 1139 1944 1229 magicis

195 1227 316 1296 artibus
345 1227 400 1319 agi
427 1225 636 1320 probabiliter
664 1227 789 1296 coniicit
814 1227 989 1321 Volgerus.
1044 1231 1133 1300 Alibi
1161 1231 1237 1299 luna
1263 1247 1429 1327 ceteraque
1458 1234 1565 1304 sidera
1593 1243 1778 1332 φαίνουσι,
1813 1244 1944 1342 lucent,-

195 1342 386 1434 φαίνεσθαι
407 1361 574 1431 proprium
595 1351 645 1403 est
669 1336 708 1405 de
731 1352 813 1406 tutu.

872 1555 1124 1626 ,tvlt

327 1662 526 1758 Hephaestio
548 1689 581 1757 p
599 1664 653 1732 63.
696 1662 817 1736 Τῶν’
798 1669 948 1738 correcte
969 1669 1165 1764 τριμέτρων
1186 1665 1438 1762 α’κατοιλῆκτων
1459 1674 1537 1742 ἔνια
1558 1676 1660 1744 ναί’
1640 1704 1680 1747 εκ
1700 1679 1784 1767 μιᾶς
1804 1678 1945 1778 ι’ωνινῆς

194 1779 253 1847 καί
274 1769 340 1847 δυο
364 1775 572 1870 τροχαὶὶιων,
596 1775 692 1845 οἷον·
745 1775 986 1873 Tprsscole‘rep’·
1009 1775 1053 1846 ου’
1075 1805 1144 1872 γαρ
1166 1775 1373 1874 Λρκοὲδεσσι
1394 1777 1506 1872 λώβα.

326 1883 392 1950 Ed.
413 1883 496 1952 lunt.
519 1899 551 1952 et
572 1884 665 1954 codd.
688 1881 734 1952 H.
751 1882 792 1951 Β.
816 1883 1030 1982 τριβώλειες,
1055 1887 1142 1978 quod
1163 1886 1312 1981 praetulit
1332 1887 1537 1958 Hermaunus
1556 1889 1661 1959 Elem.
1680 1893 1779 1964 doctr.
1799 1915 1944 1995 metnp.

193 2007 272 2073 442.
318 1992 477 2062 Graecum
498 1993 643 2062 neutrum
666 2008 730 2078 ost,
760 2019 865 2088 neque
888 1996 1045 2065 credimus
1070 1994 1314 2080 Choerobosco,
1348 1997 1507 2090 quando'
1497 2024 1532 2066 111
1552 1997 1692 2069 Belrlreri
1714 2005 1858 2076 Anecdd.
1883 2011 1942 2080 Gr.

192 2130 226 2199 p.
249 2116 344 2185 1289.
371 2100 450 2172 baec
477 2103 592 2172 tradit.
632 2105 680 2173 Οἱ
701 2100 842 2184 Αιόλεῖς
872 2109 1008 2184 έθοςν
982 2133 1105 2200 έχουσι
1134 2104 1301 2187 πολλάκις
1323 2109 1520 2178 συστέλλειν
1548 2105 1591 2179 rei
1611 2123 1673 2200 ῆι

192 2213 348 2307 aripenni,
371 2215 431 2283 καὶ
447 2209 630 2307 ᾰναβιβοὶζ
628 2241 680 2285 ειν
702 2244 765 2286 τον
783 2212 899 2302 τόνον,
923 2216 1002 2344 οιον
1020 2246 1040 2286 ο
1032 2212 1319 2313 ’τριβολέτηρ
1289 2247 1317 2288 ω
1335 2214 1556 2314 τριβόλοιερ·
1579 2225 1652 2291 ἔστι
1668 2220 1708 2291 δέ
1722 2222 1854 2303 είδος’
1829 2225 1942 2298 exolv-

192 2331 324 2416 θης...
341 2320 450 2394 .τότε
472 2325 699 2395 συστέλλουσι
720 2322 763 2395 rei
784 2344 807 2414 ῆ
828 2319 876 2404 εἰς
898 2355 939 2396 ro
963 2337 983 2396 t
1006 2327 1047 2396 ἐν
1068 2357 1109 2423 τι)
1095 2327 1294 2422 ’κλητικφ,
1332 2328 1438 2419 ἡνίκα
1465 2324 1517 2421 μή
1542 2329 1665 2425 μακρᾷ
1691 2330 1940 2428 παραλήγεται,

192 2435 272 2506 οἷον
292 2465 313 2505 ο
304 2429 594 2530 ε’τριβολέιηρ
567 2461 594 2502 ω
616 2430 828 2530 τριβόλετιρ.
868 2431 956 2503 Nam
978 2434 1092 2520 illa,
1065 2459 1140 2507 εστι
1164 2435 1203 2506 δέ
1225 2435 1314 2516 ειδος
1336 2433 1509 2530 ἀκάνθης,
1539 2438 1682 2507 inaudito
1704 2442 1857 2510 vocabulo
1880 2470 1938 2511 no·

193 2559 261 2612 stro
280 2542 472 2612 illustrando
492 2541 669 2611 adhibitam
688 2544 861 2613 ostendunt
879 2543 1030 2614 usitatam
1045 2571 1156 2642 vocem
1176 2550 1352 2641 τρίβολος,
1375 2546 1459 2614 unde
1480 2548 1633 2641 scriptum
1652 2565 1702 2618 est
1718 2555 1939 2652 rpessote'ffipp

194 2655 334 2724 secunda
356 2651 481 2746 syllaba
509 2665 664 2747 correpta.
708 2653 756 2723 Ut
779 2679 855 2722 vero
877 2653 1064 2724 vocabulum
1095 2671 1168 2724 ante
1192 2654 1412 2724 Choerobosci
1434 2672 1570 2724 aetatem
1599 2657 1807 2752 depravatum
1828 2688 1937 2755 persa·

192 2779 293 2860 netur,
316 2788 382 2831 non
402 2763 667 2832 contemnendum
687 2762 838 2832 auxilium
857 2764 1044 2858 promittunt
1063 2765 1170 2850 verba,
1195 2761 1326 2861 oo’yep
1348 2763 1554 2862 Ἀρκαδεσσι
1574 2766 1685 2860 λώβα,
1710 2793 1791 2862 quae
1811 2772 1940 2843 adrem
2021 2767 2022 2772 ἵ

192 2875 351 2968 pertinent
378 2871 488 2943 ceteris
511 2872 697 2942 mortalibus
720 2897 834 2966 parum
856 2873 1004 2943 decoram
1026 2871 1180 2959 flaturam,
1214 2874 1300 2975 apud
1321 2875 1463 2943 Arcades
1486 2893 1680 2945 consuetam.
1727 2877 1834 2968 Quale
1857 2882 1937 2952 nibil

191 2983 316 3053 [acilius
340 2985 517 3067 succurrit‚'
539 3007 634 3076 quam
661 2983 749 3077 quod
770 2983 911 3052 Arcades
939 2999 1013 3076 post
1036 2984 1142 3076 fruges
1170 2999 1313 3077 repertas
1336 2985 1505 3076 glandibus
1528 3004 1738 3057 vescerentur.
1784 2990 1880 3061 Unde
1904 2995 1938 3064 in

191 3091 371 3186 fragmento
393 3108 503 3160 nostro
532 3093 693 3161 devictus
717 3092 826 3186 inopia
855 3093 908 3186 agi
938 3093 1136 3164 arbitramur.
1183 3092 1267 3162 Tale
1290 3109 1356 3178 est,
1390 3121 1452 3188 quo
1474 3097 1595 3190 primae
1620 3099 1789 3168 vocabulae
1813 3100 1937 3172 litterae

191 3203 317 3288 docum,
340 3208 462 3274 ἔλαιον
484 3201 695 3300 ώμοτριβές,
728 3227 765 3271 ex
795 3203 900 3272 crudis
922 3203 1014 3273 olivis
1037 3201 1172 3274 lactum:
1205 3204 1293 3276 cuius
1316 3206 1509 3274 mentionem
1538 3208 1753 3300 redintegrare
1775 3209 1862 3296 licet,
1893 3213 1938 3282 sic

190 3312 298 3382 reficto
320 3312 410 3388 loeo:

658 3420 760 3519 Tptss’
778 3421 841 3513 ὤμ’
858 3421 954 3520 ἕτερ’,
987 3421 1030 3495 οὐ
1052 3419 1121 3519 γοῖρ
1143 3419 1349 3518 Ἀρκοῖδισσι
1371 3418 1473 3516 λώβα

649 3533 759 3610 [ἐστίν
779 3536 1067 3628 βαλανηφαγεῒκ]

195 3641 227 3708 Τ
223 3664 276 3709 σιτ
299 3638 426 3707 crudas
450 3639 556 3724 alios,
578 3664 686 3730 neque
708 3641 797 3708 enim
817 3642 1011 3708 Arcadibus
1035 3639 1311 3732 iguornr'uiosum.
1357 3635 1435 3707 Non
1464 3655 1513 3707 cst
1539 3655 1644 3710 autem
1671 3665 1769 3730 genus
1791 3660 1936 3716 nentrum

189 3749 410 3832 reiicicndum,
438 3749 512 3843 quia
535 3749 630 3843 vulgo
653 3749 772 3819 fructus
795 3748 919 3818 arboris
943 3752 1043 3820 ἐλαία
1066 3747 1258 3841 appelleturz
1287 3773 1362 3816 nam
1386 3749 1493 3840 Etym.
1516 3749 1567 3818 M.
1589 3775 1621 3843 p.
1639 3749 1713 3834 ³26,
1731 3765 1784 3828 Ωιι.
1808 3755 1935 3824 scribit:

182 3859 346 3947 Ἕλαιον,
369 3859 389 3930 ὁ
409 3855 612 3956 tapetio...
634 3855 705 3931 eiad
723 3862 787 3931 τοῦ
808 3861 910 3931 ἐλαία
928 3861 993 3930 τοῦ
1011 3859 1127 3956 φυτοῦ
1147 3855 1363 3954 παρωνύμως
1382 3862 1511 3946 ἔλαιον,
1535 3852 1577 3930 τό
1595 3855 1824 3955 τρωγόμενον.
1858 3864 1935 3955 Quo

188 3997 262 4040 cum
283 3971 353 4040 loco
375 3968 542 4039 conlenmt
562 3969 704 4064 anorti
725 3971 767 4040 ad
791 3967 957 4064 Theophr.
982 3968 1130 4038 Charace.
1154 3983 1262 4036 armoe.
1285 3993 1317 4062 p.
1335 3977 1408 4036 358.

1016 4187 1140 4259 LVllI.
1222 4227 1228 4242 ·

321 4297 569 4394 Hephaestiop.
582 4307 635 4368 82.
656 4297 972 4392 Ἀνακλωμένου
950 4327 1052 4378 ουτος
1072 4298 1135 4370 τοῦ
1157 4292 1310 4382 ιωνοιοῦ,
1332 4304 1576 4396 ιτροταχθοισα
1597 4298 1747 4400 ιαμβωιή
1770 4301 1934 4434 ἑξασημος

187 4406 428 4536 ἢὲιιτᾶσημος
449 4419 542 4484 ποιεῖ
559 4406 602 4483 rei
624 4438 789 4492 τοιουτου,
811 4411 888 4482 οἷον
909 4406 1003 4504 σαροῖ
1025 4415 1180 4506 Σαιτφοῖ·
1999 4415 2016 4428 ‘

605 4519 707 4610 Ἔχει
727 4520 795 4610 μέν
816 4518 1036 4646 Ἀνδρομέδα
1055 4514 1172 4588 καλαν
1194 4513 1368 4610 α’μοιβᾶν·

613 4634 774 4727 Ψαττφοῒ,
807 4634 845 4700 τί
863 4657 928 4698 ταν
950 4625 1146 4718 πολύολβον
1167 4624 1387 4724 Αφροδίταν.

188 4737 307 4812 κανῶν
330 4739 369 4814 δέ
389 4735 565 4814 αὐτου
522 4767 639 4830 ουτος,
667 4742 772 4832 αβαβ
793 4743 895 4832 ααβα
916 4741 1035 4830 βαββ,
1064 4738 1172 4830 ββαβ
1194 4744 1296 4829 ααβα
1317 4743 1431 4829 βαβα.

1537 4859 1614 4927 [¹⁰]
