4242 5300
208 457 400 553 ὁρμωμένῳ
427 451 498 526 siud
521 450 685 550 Ἀνδρου.
728 446 843 546 Neque
870 451 955 520 euim
980 449 1038 520 illa
1064 451 1242 544 significare
1269 468 1416 546 possunt,
1446 455 1507 546 qui
1530 478 1577 523 ea·
1597 457 1715 525 Andro
1746 460 1956 553 immigmoit,

207 579 267 636 uec
288 565 419 634 omnino
441 578 564 632 veteres
587 561 734 632 solebant
754 561 816 630 uisi
838 560 1034 654 gravissimis
1058 561 1097 629 de
1120 560 1241 629 caussis
1265 561 1368 630 solum
1390 579 1525 646 vertere3
1553 581 1585 634 et
1605 557 1711 660 inepte
1734 567 1818 637 dicta
1840 587 1956 657 essent,
1993 625 1998 634 .

208 676 236 746 si
257 673 319 743 hoc
342 673 478 768 scriptor
499 670 603 755 vellet,
630 672 691 763 qui
708 672 744 738 in
765 671 881 739 insula
900 671 1017 739 Artdro
1048 670 1131 738 sede
1145 669 1378 762 fortunarum
1405 682 1538 741 statuta
1566 686 1788 744 mercaturam
1807 678 1957 772 scottia·
2032 751 2037 762 ,

207 784 284 866 bat,
313 783 430 852 Andro
457 781 561 875 quasi
584 781 778 877 ὁρμητηρίῳ
806 779 957 871 quodam
979 778 1154 847 utebatur:
1181 777 1294 848 saltem
1315 805 1446 850 necesse
1468 782 1512 850 ita
1534 799 1615 868 erat,
1642 800 1677 853 nt
1698 785 1833 881 Sappho
1855 789 1959 882 patria
2056 807 2061 812 “

208 893 382 976 excederet,
405 913 468 985 qua
491 891 530 959 de
552 912 587 960 re
609 887 687 958 nihil
709 887 843 958 relatum
865 888 1050 984 reperimus.
1092 888 1195 956 Immo
1217 887 1302 958 velut
1322 905 1523 985 praesentem
1545 915 1585 960 ea
1606 895 1777 964 ostendunt
1798 896 1959 967 hominem

209 1001 416 1072 cummaxime
431 999 542 1068 Andro
562 998 739 1083 advectum,
760 997 919 1092 planeque
941 997 975 1066 iu
996 1023 1067 1066 eum
1090 997 1287 1084 converiunt,
1311 1023 1406 1095 quem
1426 998 1588 1068 inductum
1608 1000 1641 1070 in
1663 1027 1792 1073 scenam
1815 1008 1958 1101 suspica·

207 1135 288 1180 mur.
332 1108 417 1178 Huic
442 1108 644 1203 potissimum
672 1107 714 1175 ob
741 1107 886 1182 1111111111
912 1107 1076 1201 propriam
1103 1107 1211 1202 nupsit
1239 1106 1387 1203 Sappho,
1420 1133 1535 1205 nempe
1564 1110 1596 1178 in
1623 1114 1798 1182 comoedia.
1844 1112 1959 1211 Neque

207 1217 287 1290 illud
313 1241 374 1288 nos
400 1233 595 1301 commovet,
623 1217 711 1312 quod
739 1216 857 1287 Suidas
887 1215 1056 1286 Cercolam
1084 1239 1176 1285 suum
1202 1213 1455 1290 πλουσιώτατον
1483 1218 1605 1305 scribit,
1633 1246 1726 1318 quern
1749 1238 1807 1290 uos
1830 1225 1959 1319 inopem

208 1344 240 1397 et
262 1344 378 1398 11111111
401 1353 460 1421 per
481 1343 581 1396 terras
604 1341 637 1395 et
657 1324 760 1394 maria
781 1341 939 1395 errantem
961 1325 1151 1420 cogitamus,
1180 1326 1281 1395 donec
1303 1325 1364 1395 isto
1387 1343 1481 1422 portu
1501 1345 1646 1424 receptus
1675 1348 1738 1400 est:
1772 1332 1844 1401 talis
1859 1331 1958 1406 ‘enim

207 1436 277 1506 laus
305 1463 323 1506 e
351 1435 483 1508 ridicula
509 1433 683 1504 nobilitatis
710 1434 878 1504 iactatione
905 1458 1036 1518 manare
1062 1431 1198 1530 poterat.
1242 1435 1335 1504 Haec
1361 1435 1456 1529 igitur
1482 1436 1510 1506 si
1537 1453 1609 1508 acta
1630 1438 1664 1506 in
1686 1442 1867 1527 comoedia,
1897 1467 1960 1538 qna

208 1545 330 1642 poetria
358 1563 469 1616 nostra
495 1543 626 1616 licenter
650 1542 855 1630 laceraretur,
885 1543 919 1612 in
944 1541 1060 1614 librum
1085 1544 1205 1639 Hygini
1229 1543 1345 1614 sabulis
1371 1543 1507 1615 similem
1535 1546 1675 1616 derivata
1703 1567 1806 1636 erant,
1833 1551 1960 1621 infimae

207 1656 322 1726 aetatis
346 1652 673 1749 scriptorem-omnia
694 1652 831 1747 undique
853 1653 1084 1739 corrodentem,
1107 1651 1200 1724 facile
1222 1670 1371 1750 poterant
1391 1639 1591 1724 intrauum
1612 1657 1784 1752 impellere.

97 1839 100 1846 ,
341 1764 489 1834 Aetatem
510 1759 696 1856 Sapphonis
720 1759 902 1829 Athenaeus
924 1759 1013 1828 XIII.
1028 1789 1061 1857 p.
1075 1772 1150 1844 599.
1166 1789 1194 1830 c.
1216 1763 1312 1832 tradit
1334 1762 1367 1831 in
1389 1761 1525 1855 Alyattis
1548 1780 1694 1859 tempora
1715 1767 1879 1855 incidisse,
1908 1772 1961 1865 qni

208 1876 250 1944 ab
274 1874 333 1944 Ol.
346 1881 398 1956 38,
415 1889 443 1940 1.
460 1871 502 1940 ad
527 1869 696 1954 Ol.52‚2.
718 1866 819 1962 Lydis
848 1869 1027 1965 imperasse
1055 1869 1168 1956 lemur,
1197 1871 1314 1941 Snidas
1340 1886 1373 1938 et
1397 1871 1544 1942 Eudircia
1572 1875 1614 1942 ad
1643 1874 1772 1962 Olba,
1801 1877 1959 1949 Eusebius
2010 1929 2014 1938 ·

208 1985 242 2054 in
265 1981 433 2053 Chronicis
456 1982 499 2050 ad
521 1979 644 2058 0111.
665 1977 814 2048 referunt.
850 1977 960 2074 Inepte
982 1979 1145 2048 Cedrenus
1165 1978 1283 2048 Annal.
1298 2007 1331 2074 p.
1345 1987 1398 2046 62.
1419 1979 1585 2073 aequalem
1603 1981 1681 2050 facit
1702 1983 1840 2072 Cranao,
1860 1989 1959 2058 Athe·
2060 1979 2065 1986 ⁶

208 2093 365 2164 niensium
396 2089 473 2184 regi.
514 2087 607 2158 Vixit
636 2086 741 2181 potius
770 2087 883 2155 eodem
918 2111 981 2182 quo
1011 2086 1164 2174 Alcaeus,
1201 2087 1419 2173 Stesichorus,
1453 2088 1597 2158 Pittacus
1631 2108 1789 2186 tempore,
1820 2112 1854 2163 nt
1885 2123 1958 2167 vere

210 2202 328 2274 Strabo
350 2199 438 2268 XHI.
454 2226 487 2292 p.
502 2197 579 2280 617.
625 2196 742 2268 Suidas
777 2212 810 2264 et
841 2195 988 2266 Eudocia
1020 2213 1184 2266 amotant
1229 2196 1341 2267 Alcaei
1371 2198 1513 2268 versibus
1542 2200 1714 2294 respondet
1741 2201 1856 2296 flagro.
1870 2205 1960 2292 LXI,

209 2313 250 2382 ab
274 2310 388 2380 eodem
410 2305 622 2403 compellatur
648 2303 710 2374 hoc
738 2303 1012 2399 11111,Ἰόπλοχ’
1035 2305 1129 2398 ᾰγνᾶ
1149 2304 1379 2398 μειλιχόμειδε
1402 2314 1554 2405 Σαπφοῖ,
1581 2309 1633 2402 qui
1656 2310 1697 2379 ab
1720 2310 1961 2408 Hephaestione

209 2436 352 2492 servatus
378 2433 427 2488 est
450 2444 485 2514 p.
497 2425 549 2486 80.
595 2416 664 2487 Sed
690 2414 884 2510 temporibus
912 2415 1064 2510 neglectis
1094 2415 1328 2486 Hermesiauax
1354 2417 1388 2486 in
1417 2415 1533 2511 elegia,
1565 2442 1660 2512 quarn
1684 2418 1850 2491 Athenaeo
1871 2423 1960 2492 XHI.

208 2557 241 2626 p.
254 2540 329 2612 597.
345 2529 377 2598 b.
397 2542 562 2623 acceptam
584 2524 760 2610 referimus,
784 2525 825 2594 ab
844 2525 1054 2612 Anacreonte,
1078 2525 1231 2622 Diphilus
1258 2529 1298 2598 ἐν
1319 2532 1458 2624 Σαπφοῖ
1481 2525 1630 2622 δράματι
1651 2529 1692 2598 ab
1714 2528 1906 2600 Archilocho
1929 2549 1961 2603 et

208 2641 414 2735 Hipponacte
447 2651 587 2706 amatam
622 2632 778 2721 fecerant,
813 2661 872 2730 per
905 2632 1022 2720 lusum,
1055 2651 1090 2704 ut
1120 2636 1292 2731 prudenter
1318 2636 1437 2706 iudicat
1464 2635 1645 2706 Athenaeus
1671 2637 1760 2706 XIII.
1779 2666 1813 2734 p.
1830 2652 1905 2724 599.
1926 2644 1958 2711 d.

209 2750 263 2820 Dc
282 2745 526 2843 Iambographis
545 2767 641 2814 neruo
661 2767 801 2839 unquam
826 2744 992 2820 dubitavit:
1015 2745 1226 2814 Anacreontis
1250 2759 1386 2814 aetatem
1411 2744 1583 2839 aliquando
1607 2749 1780 2817 accuratius
1804 2750 1959 2838 finiemus,

209 2885 294 2930 nunc
318 2873 440 2927 tanturn
464 2856 611 2942 dicimus,
638 2877 800 2949 uunquam
824 2855 866 2924 ab
890 2854 946 2924 illo
970 2853 1180 2947 Sapphonem
1198 2853 1301 2924 visam
1321 2879 1403 2924 esse.
1447 2853 1500 2924 De
1520 2855 1678 2942 versibus,
1700 2881 1779 2952 quos
1801 2859 1960 2932 Chamae-

209 2968 283 3038 leon
307 2970 347 3038 ἐν
369 2967 418 3058 τῷ
440 2970 515 3062 περὶ
540 2965 705 3062 Σαπφοῦς
725 2980 760 3033 ut
777 2963 987 3033 Anacreontis
1012 2964 1144 3032 carmini
1167 2987 1188 3033 a
1207 2963 1382 3060 Sapphone
1406 2965 1571 3061 oppositos
1596 2965 1801 3053 excitaverat,
1825 2969 1961 3040 breviter

210 3079 269 3148 sub
299 3077 394 3146 linem
421 3074 521 3146 libelli
549 3074 737 3142 monebitur.
776 3072 951 3168 Quousque
980 3072 1076 3142 vitam
1106 3074 1303 3168 produxerit,
1332 3072 1421 3142 nullo
1450 3073 1629 3144 testimonio
1658 3093 1795 3145 constat:
1824 3103 1900 3148 narn
1929 3097 1961 3151 et

100 3279 102 3284 Ι
209 3187 397 3258 vocabulum
419 3188 599 3282 γεραιτέρα
620 3183 736 3278 fragm.
751 3182 826 3252 XX.
845 3183 938 3252 nimis
962 3198 1011 3254 est
1033 3209 1159 3278 vagum,
1182 3209 1283 3279 neque
1305 3211 1342 3252 111
1362 3184 1519 3276 Herodoti
1538 3183 1641 3254 verbis
1663 3185 1703 3269 H,
1719 3201 1791 3264 131.
1811 3190 1979 3282 sequitur,

209 3297 371 3368 Amasidis
395 3311 540 3390 tempora
564 3317 634 3363 eam
659 3293 816 3388 attigisse,
846 3292 899 3392 qui
923 3291 1089 3378 ottus.
1113 3319 1218 3362 rerum
1244 3292 1363 3389 potitus
1392 3310 1455 3378 est,
1486 3319 1581 3387 quum
1605 3293 1704 3362 multo
1728 3311 1800 3364 ante
1825 3288 1972 3367 Graecis·
2096 3345 2102 3359 .

174 3446 177 3453 ·
210 3409 389 3503 Aegyptum
413 3403 662 3474 Psammitichus
692 3402 862 3498 aperuerit,
891 3399 1119 3498 Rhodopidem
1149 3418 1253 3471 autem
1276 3403 1439 3471 Amasidis
1467 3425 1546 3471 aero
1569 3403 1684 3472 vixisse
1708 3403 1890 3474 Herodotus
1915 3407 1959 3477 ita

210 3533 332 3586 tanturn
356 3515 489 3600 scribat,
519 3528 554 3582 ut
578 3513 618 3582 ab
642 3528 782 3582 extrema
806 3512 988 3606 antiquitate
1013 3533 1084 3581 earu
1108 3528 1268 3597 amoveat,
1300 3539 1338 3582 ex
1361 3511 1444 3581 illius
1470 3512 1588 3582 saeculi
1611 3513 1736 3606 regibus
1759 3537 1877 3584 nomen
1900 3517 1957 3586 ad-

211 3625 319 3695 hibeat
342 3623 477 3694 Graecis
499 3622 717 3692 notissimum
740 3623 786 3692 uti
809 3621 917 3690 statuit
938 3619 1087 3690 Perizou.
1102 3621 1145 3690 ad
1159 3621 1284 3690 Aulion.
1295 3621 1342 3692 V.
1360 3623 1404 3690 H.
1417 3622 1505 3706 XIII,
1519 3639 1572 3706 aa,

342 3733 454 3802 Patria
480 3732 531 3803 vel
557 3731 662 3829 ipsam
690 3729 740 3800 vel
765 3730 880 3799 fratres
907 3729 1122 3825 Mytilenaeos
1149 3731 1256 3800 dicunt
1280 3731 1403 3801 Herod.
1415 3731 1456 3816 11,
1472 3741 1542 3800 135.
1585 3729 1823 3818 Moschum.
1867 3737 1956 3805 Stra-

210 3847 253 3916 bo
267 3842 356 3914 XIII
372 3843 493 3938 p·⁶1r·
522 3841 639 3911 Athen.
652 3840 694 3909 X.
707 3869 739 3936 p.
752 3855 827 3920 121.
843 3855 920 3909 11111.
952 3839 1448 3937 Schol.Plat.Phaed1.p.aro.
1481 3838 1608 3909 Tullius
1628 3838 1755 3911 Laurea
1772 3843 1807 3912 in
1826 3843 1957 3914 Anthol.

211 3941 433 4037 11111111.
453 3967 485 4020 11
510 3949 724 4020 Democharis
753 3951 786 4020 iu
813 3951 962 4045 Append.
987 3949 1128 4020 eiusdem
1155 3951 1286 4020 Anthol.
1312 3977 1351 4020 11
1378 3949 1509 4019 Anthol.
1527 3948 1668 4019 Planud.
1689 3951 1783 4020 ducta
1801 3952 1862 4038 IV,
1881 3970 1955 4024 ato.

210 4064 360 4136 Eresiam
381 4059 501 4130 iaciunt
524 4061 639 4129 Suidas
663 4075 695 4130 et
713 4059 871 4144 Eudocia,
897 4060 1106 4130 Dioscorides
1128 4061 1162 4130 in
1180 4061 1311 4130 Anthol.
1327 4059 1487 4144 PalllII,
1500 4071 1574 4140 107.
1595 4075 1627 4128 11
1653 4060 1815 4157 inscriptio
1835 4063 1955 4134 adulte·

211 4176 280 4244 rina
303 4189 423 4242 statuae
448 4169 610 4240 cuiusdam
632 4169 665 4238 in
685 4169 829 4240 Gronov.
847 4159 879 4238 'I
881 4168 949 4238 hes.
967 4169 1011 4238 T.
1022 4170 1064 4238 Π.
1081 4171 1145 4240 tab.
1158 4186 1211 4249 31.
1247 4171 1278 4239 Α
1300 4168 1422 4264 poetria
1441 4167 1637 4264 Mytilenaeo
1660 4171 1854 4241 meretricem
1873 4175 1954 4243 Ere·

211 4286 291 4355 siam
313 4280 462 4352 discernit
475 4277 591 4349 Athen.
604 4277 691 4346 XIII.
707 4308 740 4376 p.
753 4279 828 4362 596.
843 4305 871 4347 e.
890 4296 1060 4373 praeeunte
1077 4277 1271 4374 Nymphide,
1292 4303 1386 4373 quam
1404 4277 1559 4348 Lesbiam
1577 4280 1707 4350 omnmo
1727 4281 1833 4351 dicunt
1847 4281 1953 4351 Aelia·

210 4419 270 4464 nos
284 4393 331 4461 V.
348 4392 393 4459 Η.
410 4390 483 4476 XII,
504 4403 554 4472 19.
586 4387 702 4458 Suidas
727 4415 757 4454 1.
778 4385 896 4473 Φάων,
924 4387 1060 4458 Photius
1083 4389 1163 4460 Lex.
1184 4417 1235 4457 11.
1250 4387 1431 4488 Λευκάτης
1458 4406 1490 4458 et
1512 4387 1631 4476 Φάων,
1659 4388 1844 4486 Apostolius
1870 4390 1953 4460 Pro·

211 4503 364 4586 verbao,
380 4513 430 4568 15.
464 4499 515 4569 Ex
535 4499 584 4568 his
609 4513 723 4581 autem,
748 4497 801 4591 qui
823 4496 920 4565 aliam
942 4520 980 4565 ac
1000 4497 1229 4590 Mytilenaeum
1248 4501 1403 4594 poetriam
1422 4515 1560 4568 statuunt
1582 4501 1785 4582 meretricem,
1809 4497 1953 4572 Phaouis

212 4637 319 4682 amore
342 4635 408 4680 non
431 4609 587 4706 poetriam
610 4607 666 4678 sed
691 4606 823 4676 alteram
848 4605 964 4674 arsisse
989 4606 1116 4678 tradunt
1134 4607 1330 4694 Athenaeus,
1344 4611 1476 4680 .Suidas
1502 4607 1698 4701 Photiusque
1726 4635 1757 4674 1.
1776 4605 1894 4696 Φάων,
1923 4627 1954 4680 11

212 4720 413 4819 Apostolius,
443 4718 615 4814 iidemque,
643 4733 773 4814 excepto
794 4713 972 4801 Athenaeo,
1001 4732 1075 4785 voto
1102 4743 1167 4789 nou
1195 4719 1330 4815 potitam
1357 4719 1440 4824 hanc
1461 4745 1480 4786 e
1504 4741 1582 4812 rupa
1605 4717 1766 4786 Leucadia
1789 4717 1954 4791 desiluisse

1556 4829 1635 4906 [1*]
