4242 5300
1025 234 1081 331 ll

272 441 341 512 Pro
364 445 500 534 ἐγένετο
522 443 731 514 Blomtielelus
760 459 791 512 et
812 442 993 514 Boeclrhius
1021 447 1115 514 metri
1143 469 1256 515 caussa
1282 450 1407 536 ἔγεντο,
1440 471 1535 540 quam
1557 446 1693 517 formam
1715 466 1789 542 pest
1811 451 1928 520 Hesio-

183 553 258 622 dum
283 553 411 646 Tbcog.
427 559 502 621 26³.
518 567 594 636 7⁰5·
617 553 818 648 frequentant
842 553 1021 646 Theognis,
1050 554 1223 640 Pindarus,
1253 553 1455 639 Theocritus,
1479 555 1559 624 alii,
1589 559 1627 626 In
1649 559 1740 627 initio
1762 560 1927 629 lllomlrel·

181 663 241 731 dus
263 669 359 733 τιιῖσί
379 690 436 744 τις,
462 662 644 732 Boeckhius
667 660 762 734 α’λλιὶ
783 673 869 743 ταῖς,
895 663 988 731 nobis
1012 665 1170 732 tutissima
1193 667 1317 732 videtur
1339 663 1416 732 haee
1440 666 1610 759 scriptura:

686 777 787 844 Ταῒσι
821 773 885 852 [δι’]
909 771 1048 868 ψυχρός
1068 773 1134 861 μὲν
1156 776 1271 864 ἔγεντο
1295 771 1419 860 denda,

682 878 752 978 ιιᾰρ
776 880 806 954 δ’
828 889 906 952 ἱεῖσι
928 879 973 953 τύ
995 881 1110 978 πτερά.

179 989 254 1059 Illis
280 989 413 1081 gelidus
441 1001 521 1058 erat
545 992 690 1076 σιιΐιηιιι,
725 1002 760 1058 et
787 992 961 1060 remittunt
987 993 1076 1060 alas.
1131 988 1275 1086 Ψυχρός
1302 991 1343 1059 ob
1370 993 1527 1061 timorem.
1577 994 1625 1063 Ut
1647 994 1822 1090 Aeschylus
1844 996 1927 1066 Pro-

179 1096 362 1180 meth.693.
400 1097 575 1170 Odncdnoe'
599 1099 731 1192 ηὔχουν
752 1098 819 1172 ὦδε
841 1104 1017 1172 δυσθέατα
1038 1104 1097 1170 καὶ
1119 1100 1281 1172 δύσοιστα
1303 1101 1453 1198 πήματα,
1476 1100 1625 1192 λύματα,
1663 1103 1790 1194 δεᾲιαί
1813 1104 1943 1205 &wi-¹

180 1237 232 1279 κιι
254 1209 385 1305 κέντρῳ
407 1209 538 1301 ψύχειν
558 1208 682 1304 ψυχάν
708 1210 807 1300 ἐμάν.
864 1210 1028 1304 Volgems
1055 1210 1279 1304 iuterpretatur
1306 1211 1504 1304 languidum
1526 1237 1618 1302 prae
1640 1237 1770 1283 somno.
1831 1216 1928 1310 Apud

183 1317 338 1386 Ursinum
360 1317 439 1390 ἱεῖσι
461 1319 525 1388 leni
549 1320 662 1414 spiritu
683 1337 821 1390 notatur.

312 1537 516 1608 Herodianus
546 1543 621 1636 περὶ
646 1539 820 1638 μσνήρονς
847 1543 968 1626 λέξεως
992 1554 1065 1633 μγ.
1080 1556 1251 1633 postquam
1280 1539 1414 1624 monuit,
1449 1541 1579 1609 nomina
1602 1543 1765 1635 trisyllaba
1788 1544 1820 1612 in
1842 1543 1928 1626 ἄνός

180 1646 387 1740 praecedente
411 1673 552 1717 consona
574 1650 719 1717 exeuntia
741 1639 903 1742 nunquam
925 1651 1061 1742 primam
1084 1665 1198 1716 natura
1219 1648 1350 1741 longam
1372 1649 1498 1733 habere,
1522 1651 1566 1718 ita
1589 1653 1707 1744 pergit:
1735 1655 1928 1750 Σῃμσιῶδες

179 1755 251 1852 ἄρα
271 1753 312 1826 ro*
333 1754 493 1852 ούρανός,
516 1757 570 1828 ὅτι
592 1759 717 1856 ἤρξατο
738 1756 808 1828 dno*
830 1757 927 1854 φύσει
948 1759 1093 1852 μακρᾶς.
1136 1755 1301 1836 Ἀλκαῖος
1323 1758 1362 1828 d'e'
1380 1757 1429 1838 εἰς
1452 1777 1479 1828 o
1499 1757 1725 1857 ἀποφαίνεται
1746 1760 1788 1832 ιδ
1803 1761 1927 1850 ὄνομα,

178 1869 236 1934 καὶ
258 1862 394 1960 alpayde
415 1870 526 1955 λέγων
548 1865 638 1940 nord
657 1864 786 1964 προσῆν
807 1867 867 1964 τῆς
888 1861 933 1936 ὃν
952 1865 1153 1962 διφθόγγον
1175 1862 1226 1943 εἰς
1246 1863 1288 1936 cd
1310 1881 1345 1948 ῶ,
1366 1871 1425 1936 καὶ
1447 1869 1532 1938 ἄνευ
1552 1870 1616 1940 τοῦ
1636 1889 1658 1940 ῦ
1679 1869 1817 1968 ὀρανδς,
1844 1874 1927 1944 ὥστε

178 1972 220 2045 co*
250 1973 514 2072 ἐσιζητσύμενον
542 1975 620 2071 παρ’
657 1973 750 2068 αύτῷ
783 1975 962 2047 λελύσθαι.
999 1978 1058 2045 καὶ
1088 1973 1232 2070 Σαπφύ·
1288 1973 1421 2046 Ψαύειν
1449 1977 1488 2046 δὲ
1516 1976 1559 2046 ου’
1589 1985 1684 2049 δοκεῖ
1710 2009 1771 2066 μοι
1802 1979 1928 2077 (ὀρανῶ

180 2086 365 2173 δνσπαχεά.
473 2087 475 2093 ’
669 2091 673 2100 '
1045 2153 1048 2159 ,
1689 2082 1693 2090 ’

310 2195 473 2264 Usitattrm
495 2211 543 2264 est
566 2195 718 2288 loquendi
738 2220 849 2292 genus,
885 2196 949 2264 τοῦ
969 2192 1124 2290 ούρανὸῦ
1151 2195 1195 2285 τῇ
1215 2195 1348 2292 κεφαλῇ
1370 2191 1500 2285 ψαύειν
1523 2201 1626 2276 deuel,
1671 2197 1759 2266 euius
1783 2202 1926 2294 exempla

179 2303 342 2396 congessit
356 2305 590 2374 B'oissonadius
614 2306 656 2374 ad
670 2306 832 2373 Aristaeo.
848 2306 874 2389 I,
894 2322 944 2372 tt.
960 2321 1054 2388 extr,
1078 2305 1117 2372 de
1141 2329 1263 2378 summa
1285 2303 1445 2373 felicitate.
1491 2305 1578 2374 Huic
1598 2321 1704 2398 petest
1727 2331 1804 2375 sane
1826 2334 1925 2402 nega·

179 2411 244 2480 tiva
267 2413 422 2506 particula
443 2414 541 2483 inseri
567 2441 638 2484 cnm
666 2414 779 2484 acerba
797 2414 947 2482 'irrisione
971 2415 1048 2498 eius,
1082 2415 1136 2507 qui
1158 2415 1241 2483 iuter
1263 2415 1341 2482 deos
1364 2413 1485 2482 versari
1508 2415 1571 2482 sibi
1592 2416 1662 2508 ipsc
1685 2416 1817 2502 videtur,
1851 2420 1926 2512 quia

179 2521 256 2592 boni
279 2522 411 2592 alicuius
434 2549 565 2616 compes
589 2522 690 2592 factus
713 2541 771 2609 est,
796 2523 882 2617 quod
905 2523 985 2591 alter
1008 2549 1041 2592 se
1065 2524 1111 2593 illi
1134 2540 1230 2617 negat
1251 2522 1403 2591 invidere.
1453 2524 1498 2592 At
1518 2523 1720 2592 incommodo
1743 2524 1814 2594 loco
1835 2529 1923 2620 posi·

179 2648 246 2702 turn
268 2649 353 2700 esset
375 2632 435 2702 boc
457 2631 498 2704 ου’
523 2639 619 2704 δοκεῖ
637 2633 720 2702 inter
741 2632 872 2725 ψαύειν
894 2649 1112 2726 antegressum
1134 2649 1165 2700 et
1186 2632 1383 2725 subsequens
1406 2655 1523 2702 nomeu
1546 2631 1682 2730 ιὸρανύ,
1712 2635 1804 2727 quasi
1826 2661 1924 2729 nega·

180 2742 266 2811 tione
289 2743 376 2811 solus
400 2742 573 2813 infinitims
601 2743 707 2837 potius
731 2767 825 2836 quam
852 2743 1001 2811 universa
1022 2741 1140 2810 locutio
1163 2740 1354 2810 afficeretur:
1389 2767 1485 2835 quare
1508 2767 1592 2813 nunc
1614 2743 1743 2837 quidem
1765 2740 1806 2813 οὐ
1828 2771 1923 2816 vocu-

179 2849 244 2920 lam
267 2852 475 2920 adulterinam
498 2876 672 2921 censemus.
717 2851 850 2921 'Deinde
880 2852 960 2920 sieut
981 2851 1113 2946 ἄμετρα
1136 2867 1167 2918 et
1189 2849 1376 2947 ἀνάριθμα
1399 2851 1553 2936 dicuntur,
1582 2867 1662 2946 quae
1684 2878 1851 2924 mensurae
1874 2856 1924 2924 vel
2012 2872 2018 2890 ¹

179 2985 310 3030 numero
332 2985 398 3029 uon
421 2978 494 3030 sunt
516 2962 664 3046 subiecta,
687 2961 732 3030 ita
753 2962 852 3046 locus,
875 2961 962 3029 cetius
986 2961 1123 3054 ambitus
1145 2961 1269 3054 vulgari
1290 2985 1450 3044 mensura,
1477 2959 1587 3058 πήχει,
1609 2986 1702 3056 aegre
1726 2965 1830 3056 subigi
1852 2981 1924 3059 pot·

179 3087 238 3154 est,
270 3069 481 3165 appellabitur
502 3070 691 3169 δύσπηχιιςε
731 3068 813 3139 hauc
835 3071 920 3139 enim
943 3070 1195 3138 terminationem
1216 3094 1293 3164 prae
1316 3070 1415 3138 altera
1438 3061 1487 3167 p}
1501 3071 1701 3140 commendat
1728 3096 1836 3140 eorum
1858 3073 1924 3143 col·

180 3177 257 3248 latio
280 3181 515 3266 adiectivorum,
540 3205 621 3274 quae
644 3206 683 3248 ex
705 3181 818 3249 eedem
840 3180 968 3249 nomine
992 3196 1024 3248 et
1045 3179 1199 3248 vocabulo
1222 3178 1378 3247 nurnerali
1401 3195 1640 3272 componuntnr,
1675 3198 1869 3276 quapropter
1890 3183 1924 3251 in

180 3293 359 3360 accusativo
381 3305 491 3358 nostro
514 3305 660 3376 accentus
684 3289 717 3357 in
739 3289 1019 3384 antepenultimam
1042 3305 1092 3357 est
1113 3287 1332 3357 retrahendus.
1378 3290 1446 3358 Sed
1467 3285 1604 3384 ιόρανός
1626 3287 1806 3379 δύσπαχνς
1828 3315 1925 3382 quum

180 3423 251 3468 esse
279 3399 381 3494 pessit
409 3399 522 3469 infiniti
544 3399 680 3468 ambitus
703 3398 833 3484 caelum,
867 3398 983 3468 hocin
1006 3421 1100 3467 versu
1123 3398 1165 3466 ad
1187 3398 1318 3466 verbum
1339 3395 1470 3490 ψαύειν
1493 3405 1589 3470 δοκεῖ
1609 3399 1712 3492 aptius
1735 3398 1922 3490 interpreta-

178 3509 293 3594 bimur,
317 3509 403 3604 quod
424 3509 581 3578 immenso
603 3509 768 3578 intemalle
792 3535 811 3578 a
834 3526 917 3578 terra
941 3511 1046 3593 distat,
1069 3509 1140 3600 pari
1155 3508 1302 3576 adiectivi
1317 3523 1483 3601 potestate,
1506 3524 1602 3602 atque
1618 3507 1802 3576 Herodotus
1818 3507 1875 3592 lx,
1892 3525 1923 3577 a.

180 3623 313 3714 αἵρεσιν
335 3617 531 3715 δικάμηνον
554 3619 629 3688 dicit
651 3619 760 3687 decem
782 3635 853 3687 ante
874 3618 1037 3686 mensibus
1061 3615 1187 3687 factam.
1238 3616 1408 3686 Postremo
1431 3615 1607 3706 δυσαύχεα
1630 3616 1818 3685 adiectivum
1841 3619 1924 3688 eius-

181 3727 254 3796 dem
277 3753 368 3798 casus
400 3729 632 3798 substantivum
661 3728 830 3812 desiderat,
868 3727 954 3822 qnod
982 3727 1077 3795 variis
1102 3727 1230 3820 quidem
1252 3727 1330 3794 locis
1353 3742 1459 3818 potest
1481 3725 1644 3808 excidisse,
1679 3725 1797 3818 placuit
1819 3743 1925 3796 aretem
1956 3809 1957 3814 γ

181 3864 251 3907 cnm
266 3837 313 3908 illi
334 3839 437 3908 locum
456 3839 631 3932 assignare,
655 3865 692 3908 ex
715 3861 778 3932 qno
800 3834 842 3908 ού
865 3838 1030 3932 expulsum
1052 3852 1111 3905 est.
1155 3837 1225 3904 lam
1247 3834 1435 3904 habebimus
1458 3833 1555 3902 talem
1577 3833 1745 3926 [ragmenti
1769 3833 1924 3906 formamt

925 3946 1058 4018 Ψαύειν
1081 3945 1120 4017 de'
1143 3945 1277 4026 [πόλον]
1301 3950 1396 4015 δοκεῖ
1414 3973 1475 4030 μοι

752 4056 889 4154 Ια’ρανιῖἱ
911 4056 1097 4147 δυσαύχεα.

179 4171 234 4238 Ac
255 4178 396 4261 tangere
418 4167 502 4237 mati
521 4168 652 4236 videtur
668 4169 789 4260 polum
812 4167 904 4237 caeli
921 4167 1131 4237 immensum.

1031 4384 1074 4452 X.

313 4498 501 4568 Aristoteles
525 4496 659 4567 Rhetor.
675 4496 718 4582 ss,
734 4509 786 4564 23.
803 4495 885 4564 inter
906 4496 994 4563 varia
1017 4493 1227 4562 ratiocinandi
1249 4517 1365 4586 genera
1387 4489 1448 4565 hoc
1472 4519 1596 4589 qnoque
1619 4509 1772 4576 numerat,
1801 4493 1827 4560 si
1852 4493 1922 4586 quis

181 4606 222 4678 ad
245 4607 394 4678 iudicium
415 4633 525 4678 eornm
546 4623 706 4702 provocet,
730 4631 750 4676 a
773 4605 885 4699 quibus
910 4603 1077 4675 dissentire
1100 4602 1190 4672 nolas
1214 4604 1272 4671 sit:
1302 4602 1439 4700 Ὥσπερ
1459 4602 1598 4702 Σαιιψιῦ,
1628 4605 1680 4674 ὅτι
1703 4598 1744 4672 ιδ
1766 4599 1923 4699 ἀποθνή-

184 4747 280 4791 σκειν
299 4716 423 4791 κακόν·
453 4723 491 4790 οἱ
508 4723 588 4790 decl
609 4713 678 4813 γύψ
700 4715 789 4789 οὕτω
811 4719 1019 4812 κεκρὺιασιν·
1041 4711 1262 4812 ἀπεύνησκον
1282 4711 1349 4810 γσὲρ
1371 4713 1427 4784 ἄν.
1490 4725 1495 4736 ’
