4274 5290
1051 249 1114 362 72

339 467 391 536 Ex
409 465 472 553 bis,
496 489 574 561 quae
588 462 772 560 Sapphonis
795 462 852 532 sub
868 461 996 530 nomine
1010 458 1224 564 proferuntur,
1246 461 1422 531 membrum
1442 461 1530 555 prius
1551 461 1708 555 integram
1722 459 1864 555 poetriae
1884 481 1958 529 ora-

207 580 326 651 tionem
349 576 489 662 exhibet,
521 574 618 643 modo
640 573 728 643 verbi
749 575 879 645 σπολέα
901 570 1039 641 litteram
1060 571 1197 665 primam
1221 570 1386 656 deleveris,
1417 571 1595 664 quodsine
1618 571 1804 640 temeritatis
1827 570 1959 640 οτὶτοὶσε

208 690 277 761 lieri
300 686 439 760 ostendit
460 685 592 758 Bestius
616 683 781 780 Supplem.
802 681 928 752 Corum.
950 681 1115 777 palaeogr.
1137 707 1170 775 p.
1186 694 1261 763 921.
1308 680 1446 776 Scripsit
1466 681 1551 750 enim
1574 678 1729 777 Sappho:

840 788 933 883 ’Eyai
955 789 987 862 a
998 793 1053 863 ἐπὶ
1073 785 1272 879 paldonis

839 897 951 972 τύλαν
971 901 1084 971 πολίω
1108 902 1226 988 μέλεα.

206 1013 281 1107 Ego
305 1036 399 1082 verso
424 1011 459 1078 in
483 1009 582 1078 molli
602 1009 729 1077 culcita
753 1031 851 1078 carso
873 1009 1034 1078 membru.
1079 1013 1202 1082 Μέλεα
1231 1005 1422 1102 disyllabum
1444 1022 1504 1077 est.
1550 1006 1694 1076 Alterum
1714 1005 1890 1077 membrum
1910 1021 1962 1076 est

209 1140 337 1196 enatrun
359 1139 461 1192 totum
483 1147 521 1188 ex
543 1119 634 1190 varia
656 1119 808 1206 lectione,
832 1119 936 1189 sicin
957 1118 1099 1213 margine
1121 1134 1249 1188 notata:

912 1255 977 1308 κας
999 1255 1042 1308 ας

843 1315 914 1390 κᾶν
934 1315 1047 1387 τύλαν
1067 1316 1179 1386 πολέα

908 1406 1019 1494 μέλεα

213 1522 296 1590 Erat
317 1519 412 1603 enim,
430 1515 493 1610 qui
513 1515 569 1585 ἐπὶ
593 1539 664 1583 cum
687 1513 826 1606 genitivo
849 1529 1062 1582 constructum
1083 1510 1202 1580 mallet.
1239 1508 1320 1581 Μὲν
1341 1538 1378 1582 τε
1400 1534 1439 1579 ex
1459 1511 1569 1598 μέλεα
1590 1524 1703 1594 ortum,
1727 1507 1860 1603 locoque
1883 1507 1960 1578 alie·

210 1655 252 1700 no
275 1629 428 1698 insertum
451 1641 510 1694 est.
538 1622 652 1692 Verba
667 1622 856 1707 Herodiani,
878 1619 921 1692 ού
939 1618 1007 1720 yoip
1029 1622 1053 1692 δ’
1071 1628 1108 1694 ’ῐὲ
1130 1614 1325 1709 σονδεομδς,
1346 1618 1408 1688 hoc
1429 1619 1549 1704 volunt,
1572 1644 1612 1688 ne
1636 1619 1707 1714 quis
1728 1615 1860 1690 τ’ύλαν
1882 1621 1961 1688 scri·

212 1738 317 1809 hendo
341 1733 530 1804 vocabulum
551 1730 656 1828 τύλης
679 1733 749 1802 loco
771 1747 908 1800 moveat.
954 1731 1021 1802 Sed
1049 1733 1078 1799 si
1101 1754 1172 1799 vere
1195 1729 1293 1798 tradit
1316 1729 1532 1823 Hephaestio,
1564 1730 1746 1798 universum
1767 1727 1885 1798 librum
1910 1752 1961 1796 se·

211 1848 349 1918 erundum
371 1842 556 1938 Sapphonis
580 1867 672 1910 versu
694 1840 826 1911 Aeolico
849 1857 1057 1935 pentametro·
1070 1842 1283 1934 compositum
1304 1837 1419 1924 fuisse,
1448 1864 1515 1908 non
1535 1855 1642 1933 potest
1664 1837 1725 1908 hoe
1749 1837 1963 1930 fragmentum

214 1956 258 2030 ad
285 1963 358 2025 eunt
380 1954 496 2028 librum
517 1953 654 2036 referri,¹
675 1951 739 2020 nisi
759 1949 922 2048 utriusque
944 1947 1060 2020 ¹versus
1083 1951 1157 2043 ipsa
1182 1974 1258 2046 pars
1282 1948 1415 2019 dimidia
1436 1949 1568 2018 mirilico
1597 1972 1674 2018 casu
1695 1947 1845 2018 exciderit
1872 1947 1963 2017 nullo

212 2067 388 2136 sententiae
412 2052 611 2132 detrimento.
646 2060 730 2129 Cum
747 2059 935 2129 Herodiano
958 2057 1068 2129 confer
1081 2058 1249 2128 Pollucem
1267 2057 1310 2143 X,
1326 2066 1358 2142 B,
1373 2071 1427 2134 to.
1460 2055 1526 2130 Ἐν
1548 2057 1597 2149 τῷ
1618 2055 1849 2158 Ἀντιφάνους
1864 2055 1962 2128 deim-

211 2204 246 2248 νι
268 2179 328 2246 καὶ
349 2171 439 2248 auaui
459 2168 523 2272 τήν
545 2168 669 2265 κοινήν
690 2167 816 2270 χρῆσιν
838 2175 931 2241 ἔστιν
952 2170 1068 2267 εύρεῒν
1088 2167 1151 2248 τοῖς
1172 2165 1288 2250 τύλας,
1309 2165 1502 2263 στρώματα,
1523 2174 1660 2246 κλίνας·
1683 2167 1793 2267 ὥσπερ
1814 2170 1874 2238 καὶ
1895 2197 1963 2239 τια-

212 2283 260 2386 ρᾶ
282 2290 430 2381 Σαπφοῖ.
473 2280 666 2374 Antiphanis
696 2279 794 2348 rerba
814 2279 887 2373 ipsa
914 2277 1010 2349 ollcrt
1031 2277 1110 2364 Vll,
1127 2293 1179 2363 aa,
1199 2283 1272 2348 192.
1301 2275 1502 2373 τορεύματα,
1530 2284 1671 2360 κλίνας,
1700 2273 1826 2357 κοινοῖς
1846 2277 1963 2358 τύλος.

214 2397 289 2465 Hoc
311 2409 418 2462 autem
440 2390 638 2485 praecipiunt
661 2389 880 2471 Grammatici,
901 2405 937 2458 ut
959 2389 1089 2481 exponit
1110 2385 1290 2459 Loheclsius
1313 2389 1356 2456 ad
1376 2385 1549 2482 Phrynich.
1572 2397 1605 2482 p.
1624 2403 1696 2474 ¹7²⁸,
1718 2387 1759 2458 ab
1774 2389 1890 2458 Atticis
1913 2404 1963 2459 to·

217 2521 361 2574 mentum
383 2500 538 2597 appellari
559 2497 678 2596 τύλην,
701 2498 845 2568 αύείῑοιο
867 2500 1054 2595 κνέφαλον,
1078 2523 1116 2565 er
1138 2496 1261 2590 vedgari
1283 2522 1359 2566 vero
1381 2497 1534 2591 loquendi
1555 2522 1617 2568 usu
1638 2497 1861 2594 Sapphonem,
1892 2523 1965 2570 cum

214 2637 315 2708 eaque
337 2614 372 2682 in
393 2609 454 2680 hac
475 2609 679 2706 potissimum
700 2607 810 2682 sabula
830 2605 1064 2706 Antiphonem,
1094 2605 1239 2678 nrlcitam
1260 2605 1370 2706 τύλην
1391 2608 1586 2678 nominasse.

1049 2847 1128 2918 LV.

347 2981 547 3077 Hephaestio
568 3007 601 3076 p.
616 2981 670 3050 65.
699 2979 835 3056 Ἐνίοτε
862 2980 901 3052 δὲ
922 2977 1074 3065 ἕναλλύξ
1095 2977 1157 3060 uic
1178 2977 1320 3064 ἰανικύς
1345 2989 1423 3064 ταῖς
1444 2988 1645 3077 τροχαὶκαῒς
1666 2979 1964 3079 παραλαμβάνον-

215 3123 281 3176 ειν,
309 3090 387 3164 ἀντὶ
413 3091 482 3182 μὲν
506 3091 578 3163 τῶν
605 3087 756 3162 tuamor
782 3089 856 3162 ἔσθ’
872 3089 930 3161 ὅτε
958 3088 1021 3169 τοῖς
1042 3093 1205 3186 δευτέρας
1226 3088 1418 3172 παιωνικύς
1438 3091 1794 3189 παραλαμβάνοντες,
1825 3091 1905 3166 a'nt
1927 3093 1966 3166 dd

217 3205 288 3280 τῶν
308 3201 484 3303 ἑξασήμων
503 3202 702 3300 τροχαὶκῶν
723 3199 796 3274 ἴσθ’
808 3199 865 3270 ὅτε
885 3195 948 3278 τοὶς
967 3198 1178 3298 ἐστασὴμους
1198 3197 1401 3301 τροχαὶκᾰς,
1429 3203 1520 3276 οἷον·

447 3313 451 3324 ’
850 3311 978 3382 Attene
998 3309 1067 3397 μλν
1088 3310 1112 3380 ἁ
1131 3307 1261 3384 σελάνα

851 3421 913 3490 καὶ
936 3418 1124 3513 naqadai,
1151 3422 1253 3510 μέσαι
1276 3417 1315 3492 del

851 3525 993 3617 νύκτες,
1023 3529 1118 3630 νεαροὶ
1138 3529 1169 3601 δ’
1180 3525 1298 3626 ἔρχεθ’
1310 3528 1395 3627 ὥρα,

851 3635 919 3729 tyci
940 3639 980 3710 dd
1000 3637 1094 3731 μόνα
1116 3637 1291 3713 καθεύδω.

134 3781 139 3790 ’
223 3748 361 3818 Occidit
380 3746 514 3840 quidem
537 3746 620 3818 luno
641 3755 677 3815 ct
699 3745 876 3837 Vergiliae,
900 3748 1014 3816 medio
1034 3773 1109 3820 τιον
1132 3758 1192 3832 est,
1216 3772 1261 3816 σε
1278 3747 1445 3838 praeterit
1463 3746 1557 3830 hom,
1583 3767 1644 3837 ego
1670 3767 1754 3824 cem,
1767 3746 1847 3814 sola
1868 3749 1968 3819 cubo.

222 3856 391 3951 Sapphoni
412 3861 477 3925 iarn
499 3855 641 3926 tribuunt
658 3853 841 3950 Stephanus
864 3873 896 3926 et
915 3857 1065 3944 Ursinus,
1090 3883 1223 3953 quorum
1244 3874 1384 3951 uterque-
1397 3853 1586 3936 Uindice:
1608 3855 1748 3926 Ursinus
1770 3856 1868 3927 etiarn
1885 3860 1968 3946 μέσ-

220 3995 288 4038 σοι.
335 3965 558 4035 Tetrametros
582 3966 664 4035 duos
688 3991 760 4034 cum
781 3966 955 4036 editoribus
978 3967 1231 4063 Hephaestionis
1260 3967 1336 4036 facit
1357 3965 1588 4036 Blomlieldus:
1618 3990 1677 4060 per
1699 3967 1850 4036 dimetros
1872 3967 1969 4065 pleri·

220 4099 283 4170 que
307 4075 508 4161 describunt,
531 4075 565 4142 in
587 4072 637 4142 his
659 4061 838 4144 Bnurchius
862 4075 970 4146 Anall.
994 4077 1040 4144 T.
1055 4077 1082 4144 l.
1104 4103 1136 4171 p.
1153 4077 1206 4144 56.
1229 4093 1262 4146 et
1285 4073 1497 4148 Schneiderus
1519 4074 1626 4144 select.
1649 4101 1745 4145 carm.
1769 4102 1801 4170 p.
1817 4085 1870 4162 a5,
1893 4102 1970 4171 pro·

221 4185 318 4257 hante
342 4183 528 4253 Hermanno
551 4183 656 4253 Elem.
680 4184 781 4256 doctr.
803 4202 894 4256 metr.
917 4213 949 4280 p.
965 4181 1042 4266 tta·
1079 4185 1222 4256 Pluralis
1244 4186 1367 4256 numeri
1387 4188 1490 4277 pieac
1512 4183 1633 4266 νύκτες
1654 4211 1693 4254 ex
1715 4187 1812 4255 variis
1836 4189 1969 4281 scripto·

221 4294 310 4368 ribus
333 4293 478 4386 exempla
501 4293 632 4386 praehet
654 4293 865 4364 Blomlieldus
883 4295 995 4365 Gloss.
1011 4295 1163 4390 Aeschyl.
1179 4294 1326 4391 Choeph.
1344 4303 1419 4364 282.
1452 4293 1643 4382 Welelrero,
1665 4296 1705 4366 de
1727 4297 1868 4366 mon'bus
1885 4298 1970 4392 Sap·

225 4403 344 4498 ph'ouis
367 4431 400 4502 p.
418 4416 471 4486 92.
493 4400 577 4472 hunc
591 4403 695 4474 locum
709 4404 827 4478 imitari
848 4405 973 4480 videm
986 4405 1221 4504 Aristophanes
1236 4405 1362 4481 Eccles.
1380 4405 1456 4490 946.
1479 4403 1545 4500 ούχ
1566 4405 1639 4502 ἥκει
1658 4403 1857 4506 μούταῖρος,
1878 4406 1972 4506 μόνη

223 4512 378 4592 δάύτού
402 4518 573 4604 λείπομαι.
