4274 5290
972 265 1185 400 Aa„

203 513 272 603 agit
301 507 546 578 Choeroboscus
575 501 609 570 in
641 496 871 598 Theodosium,
900 493 1049 564 laudatus
1082 491 1230 563 Beldrero
1260 496 1295 564 in
1320 491 1478 588 Apollou.
1500 493 1591 588 Synt.
1613 505 1737 589 poso.
1759 500 1921 592 φαίνεται
1943 497 1966 566 ὁ

202 615 421 716 Ἡρωδιανὸς
443 617 553 705 λέγων
575 613 613 682 ἐν
636 617 709 690 τοῖς
731 611 980 703 ἐπιμερισμοῒς,
1018 603 1073 676 ὅτι
1102 601 1143 675 td
1165 601 1311 678 σύνοιδα
1332 602 1398 678 σύν
1420 607 1513 676 ἐστιν
1535 601 1714 690 Αἶολικδν,
1750 603 1842 678 α’λλά
1872 631 1964 698 ψευ-

202 725 397 804 δαιολιιιόν·
433 729 474 796 αλ
494 721 563 819 γάρ
585 727 774 817 δίφθογγοι
795 713 961 788 Αιόλικαλ
982 711 1145 820 οὐδέποτε
1166 723 1241 796 τοῖς
1262 710 1425 788 Αἰολεῦσι
1448 709 1660 787 διαλύονται.
1689 715 1769 788 οἷον
1791 715 1832 786 τά
1854 715 1963 797 τάλας

202 846 262 914 καὶ
283 842 392 928 με’λας
414 838 473 905 καὶ
497 835 632 927 ὄνειρος
654 835 693 900 οἱ
711 825 852 908 Αἰολεῖς
874 821 997 906 τάλαις
1024 829 1083 896 ναὶ
1104 828 1227 916 μύλαις
1249 831 1309 897 καὶ
1330 825 1472 922 ὄνοιρσς
1503 826 1653 913 λέγουσι,
1690 831 1750 898 καὶ
1772 824 1816 899 ού
1839 820 1962 898 διαλύ-

203 978 280 1022 ουσι
293 944 359 1038 τήν
375 951 571 1040 δίφθογγον
586 943 658 1011 ἐπεὶ
679 935 821 1022 τούτων,
845 937 918 1006 ἐπεὶ
940 932 1107 1006 Αἰολικαί
1123 931 1211 1007 εἶσιν
1232 942 1275 1006 αἱ
1293 941 1491 1033 δίφθογγοι·
1513 932 1605 1004 κατά
1627 933 1696 1031 γάρ
1718 933 1784 1028 τήν
1805 940 1874 1007 τῶν
1887 937 1959 1008 Αἰ.

202 1060 314 1131 otior
336 1052 517 1126 διάλεκτον
540 1045 714 1140 γεγόνασι.
745 1044 784 1118 τά
806 1046 845 1118 δεΙ
867 1049 1015 1141 προίτου
1038 1049 1097 1116 καὶ
1120 1051 1245 1117 κοίλου
1268 1041 1450 1116 διαλύουσι
1483 1048 1544 1115 καὶ
1566 1045 1708 1136 λέγουσι
1729 1049 1878 1142 τροδλου
1900 1052 1963 1118 καλ

201 1160 337 1251 ιιοδλου,
349 1159 465 1256 ἐπειδη
475 1165 516 1232 αἱ
528 1166 718 1256 δι’φθογγοι
729 1153 833 1228 αὗται
844 1153 908 1226 oria
921 1149 1190 1235 εἰσλνΑιόλικαὶ,
1201 1151 1300 1244 α’λλοξ
1308 1159 1435 1226 κοιναί
1446 1151 1482 1226 εἰ
1495 1151 1559 1226 οὖν
1571 1151 1614 1225 τά
1628 1151 1772 1228 σύνοιδα
1783 1155 1961 1228 διαλύουσι

201 1276 347 1352 συνόϊδα
368 1276 537 1364 λέγοντες,
574 1266 757 1359 δῆλονὸτι
785 1263 851 1336 ούιι
873 1269 966 1335 ἔστιν
986 1265 1009 1364 ἡ
1030 1295 1065 1336 οι
1089 1268 1283 1360 δι’φθογγος
1303 1259 1464 1357 Αύολινῆ.
1511 1263 1605 1332 Talis
1635 1264 1784 1335 diaeresis
1814 1267 1961 1360 exempla

202 1385 335 1482 Sappho
357 1382 488 1479 praebet
508 1379 655 1472 [ragmm.
670 1375 746 1445 XX.
761 1373 924 1444 XXXIV.
955 1374 1020 1444 Sed
1034 1389 1191 1458 accentus,
1202 1373 1241 1444 de
1256 1374 1384 1444 nomine
1395 1371 1532 1466 Μήδεια
1550 1374 1591 1443 ab
1602 1375 1721 1445 Ioanne
1735 1377 1959 1472 praescriptus,

202 1497 316 1570 iudicio
340 1510 400 1579 cst,
429 1489 595 1562 diaeresim
617 1488 651 1556 in
674 1487 762 1556 libris
785 1483 989 1554 Aeolensium
1012 1500 1080 1553 tum
1102 1483 1198 1554 etiam
1220 1499 1364 1554 notatam
1385 1482 1495 1568 luisse,
1529 1509 1627 1578 quum
1649 1485 1729 1556 duae
1751 1485 1877 1556 vocales
1899 1513 1959 1582 pm

201 1633 264 1679 urna
287 1603 412 1700 syllaba
433 1600 632 1670 haberentur.
681 1594 743 1664 Illa
766 1595 849 1662 enim
872 1619 961 1688 gens,
994 1617 1075 1688 quae
1096 1592 1130 1662 in
1153 1593 1424 1663 terminationibus
1447 1593 1613 1664 verborum
1637 1594 1853 1690 diphthongos
1877 1598 1958 1666 rita·

201 1723 266 1800 bat,
294 1737 354 1810 pro
376 1739 455 1790 αιος
476 1737 552 1794 αος,
581 1731 641 1802 pro
662 1733 731 1784 ειος
753 1731 826 1796 ηος,
860 1727 920 1800 pru
948 1732 1000 1776 ειν
1026 1731 1072 1797 ην
1100 1702 1150 1772 vel
1183 1729 1224 1774 εν
1245 1701 1420 1798 proferens,
1454 1730 1490 1774 ex
1514 1727 1577 1798 qua
1599 1703 1715 1776 Boeoti
1738 1706 1835 1776 etiam
1857 1705 1904 1800 κη
1926 1725 1959 1776 et

200 1824 370 1918 λεηόμενη
395 1818 646 1914 pronunciabant
667 1839 725 1910 pro
754 1832 929 1884 cetetonem
952 1811 1147 1882 Gracconem
1177 1836 1258 1882 suno
1281 1815 1328 1900 ὦ,
1360 1840 1425 1884 nun
1453 1816 1584 1884 eandem
1620 1815 1778 1885 licentiam
1805 1817 1866 1890 sibi
1888 1817 1960 1886 dari

202 1936 354 2008 arbitrata
377 1932 411 1999 in
432 1929 563 2024 syllabis
586 1923 764 2022 primitivis,
788 1919 1002 2019 diphthongos
1024 1922 1181 1992 retinebat
1203 1924 1340 2016 quidem,
1364 1925 1421 1994 scd
1437 1949 1534 1993 sonos
1558 1925 1620 1994 sibi
1642 1925 1747 1996 minus
1771 1929 1958 1998 commodos

202 2053 247 2119 ita
269 2040 460 2123 emolliebat,
492 2052 527 2106 ut
549 2033 691 2127 singulas
715 2034 840 2104 uocales
863 2033 1048 2118 distinctim,
1084 2031 1176 2104 κατά
1197 2036 1366 2120 rectator,
1401 2059 1467 2104 nou
1489 2050 1524 2104 ut
1545 2051 1677 2122 ceterae,
1717 2035 1810 2107 κατά
1831 2041 1958 2135 κρᾶσιν

202 2159 344 2230 alienet:
379 2146 540 2219 vocabulis
563 2145 679 2214 utimtu
701 2143 907 2238 bloscluopuli
931 2143 1053 2237 Opusc.
1069 2167 1201 2235 gramm.
1217 2168 1248 2236 p.
1263 2157 1316 2220 aa.
1339 2143 1388 2212 ed.
1405 2141 1491 2213 Tin.
1539 2143 1648 2234 Quam
1671 2145 1861 2238 peculiarem
1883 2173 1957 2244 pro.

203 2265 436 2340 nunciationem
459 2255 668 2328 Grammatici
692 2255 806 2349 ubique
829 2253 963 2356 appictis
987 2253 1111 2346 punctis
1143 2252 1318 2322 diaereticis
1342 2253 1567 2347 exprimebant.
1612 2255 1676 2326 llis
1707 2282 1873 2352 perperam
1903 2281 1956 2326 ac·

202 2380 312 2474 ceptis,
334 2373 541 2466 depravatam
564 2365 697 2436 vidimus
721 2364 886 2434 lectionem
910 2365 935 2450 Ι,
953 2373 984 2432 5.
1006 2361 1049 2448 Π,
1066 2372 1106 2430 5:
1129 2388 1229 2456 neque
1244 2361 1308 2430 alia
1331 2379 1379 2432 est
1394 2363 1483 2458 origo
1498 2365 1631 2434 vitiosae
1654 2365 1828 2459 scripturae
1844 2367 1955 2462 τηλύϊ,

130 2495 137 2516 ’
202 2485 330 2583 γελάϊς,
354 2482 393 2552 de
416 2503 479 2573 qua
502 2476 618 2546 ibidem
641 2477 758 2544 mentio
780 2475 893 2543 iniecta
917 2490 974 2558 est,
998 2497 1056 2566 pro
1080 2466 1191 2564 τῆλυϊ,
1222 2473 1347 2563 φίλαις,
1371 2472 1433 2541 nisi
1455 2473 1541 2567 quod
1563 2475 1704 2550 admissa
1727 2500 1800 2546 vera
1823 2477 1957 2548 diacresi

199 2595 378 2705 penultima
402 2604 570 2670 acueretur,
608 2585 641 2654 id
664 2584 749 2680 quod
770 2583 816 2653 ita
839 2598 1040 2677 praeceptum
1061 2597 1138 2667 crat,
1174 2598 1207 2651 ut
1235 2613 1273 2654 οι
1304 2599 1336 2652 et
1365 2611 1421 2663 αις
1450 2583 1592 2678 singulas
1622 2585 1763 2681 syllabas
1784 2585 1955 2658 allicerent.

205 2707 303 2799 Quod
326 2725 401 2771 vcro
425 2696 671 2768 Cliueroboscus
700 2710 795 2786 negat
822 2691 1037 2787 diphthongos
1064 2691 1277 2762 Aeoleusibus
1304 2695 1451 2789 proprias
1479 2693 1624 2780 dissolvi,
1653 2695 1757 2790 qualis
1781 2713 1829 2766 est
1857 2728 1895 2770 αι
1923 2700 1957 2768 in

203 2824 362 2892 θναίσιιτο
391 2828 422 2880 et
451 2811 661 2898 μιμναίσιιω,
697 2804 770 2874 inde
792 2801 909 2874 suctum
931 2820 989 2888 est,
1022 2802 1107 2897 quod
1135 2829 1172 2871 ex
1202 2802 1321 2872 inculto
1349 2804 1544 2876 Boeotorum
1574 2831 1627 2874 ore
1655 2804 1869 2900 diphthongus
1892 2811 1956 2879 ista

204 2925 435 3004 exaudiebatur,
472 2917 525 2986 ubi
548 2914 723 3011 simplicem
745 2914 888 2983 vocalem
911 2913 1018 2984 efferre
1041 2911 1219 2982 voluerant:
1258 2937 1355 3008 (piare
1378 2913 1571 2984 scribebatur
1593 2915 1721 3008 quidem
1744 2945 1794 2996 οι,
1826 2943 1884 2988 nec
1907 2935 1955 2990 ta·

100 3081 103 3086 ·
204 3065 278 3110 men
309 3029 433 3101 vocales
466 3026 730 3132 discernebantur.
791 3023 1020 3093 Pronunciatio
1049 3023 1116 3108 illa,
1151 3047 1230 3116 quae
1254 3023 1406 3118 scriptura
1432 3023 1568 3115 Μήδεια
1592 3025 1743 3120 proditur,
1777 3027 1810 3095 in
1833 3029 1955 3123 vulgari

205 3150 391 3221 Latinorum
416 3163 561 3208 sermone
585 3135 758 3216 obtinebat,
781 3133 870 3202 utin
892 3131 1020 3201 nomine
1047 3131 1263 3222 Cussr‘opec'a.

1011 3351 1147 3422 CXXll.

336 3469 495 3543 Zenobius
517 3465 635 3536 Provv.
652 3479 683 3549 a,
697 3478 727 3530 3.
772 3465 807 3533 Γ
802 3460 888 3534 etad
914 3467 1197 3561 παιδοφιλοτερα·
1228 3465 1283 3532 e’nl
1310 3465 1380 3532 τῶν
1402 3459 1529 3558 ‚circipene
1559 3463 1847 3557 τελευτησάντων·
1876 3471 1956 3561 ἤτοι

203 3595 258 3662 ἕης
289 3589 357 3657 τῶν
386 3580 599 3680 φιλοτέκνων
625 3573 700 3664 μὲν,
737 3573 849 3670 τρυφῇ
869 3573 908 3645 δι’
930 3569 1209 3671 διαφθειρόντων
1230 3566 1329 3643 αύτά.
1380 3569 1497 3644 Prata
1524 3571 1592 3668 γάρ
1623 3603 1674 3655 τις
1697 3569 1742 3667 ἤν
1765 3583 1957 3675 παρθένος,

202 3701 263 3770 καὶ
284 3689 402 3781 ἐπειδη
422 3687 546 3785 α’άρως
567 3683 777 3775 ἐτελεύτησε,
815 3685 921 3780 φασὶν
955 3690 993 3754 οἱ
1020 3683 1169 3775 ,Λέσβιοι
1195 3681 1302 3773 αὐτῆς
1333 3679 1375 3752 τά
1399 3681 1588 3779 φάντασμα
1619 3687 1802 3780 ἐπιφοιτᾶν
1834 3691 1890 3760 ἐπὶ
1912 3691 1957 3762 τά
1970 3769 1975 3776 ,

203 3811 333 3882 παιδία,
356 3805 414 3870 καὶ
437 3797 518 3877 τούς
540 3797 610 3867 ruit
631 3791 756 3891 αἰάρων
779 3791 963 3874 θανάτους
984 3792 1074 3890 αὐτῇ
1097 3791 1315 3864 ἀνατιθέασι.
1333 3795 1508 3892 με’μνηται
1538 3793 1664 3886 ταύτης
1696 3795 1841 3892 Σαπφιύ.
1888 3800 1955 3872 Ea·

205 3918 276 3984 dem
299 3937 336 3979 ex
368 3907 436 3978 cod.
455 3923 526 3988 ¹77.
559 3904 689 4000 protulit
711 3901 970 3972 lllontelalconus
1000 3901 1086 3972 Bibl.
1103 3901 1238 3970 Coislin.
1261 3929 1292 3996 p.
1306 3901 1381 3983 603,
1412 3903 1466 3970 scd
1490 3903 1532 3972 ibi
1551 3904 1588 3971 in
1612 3904 1767 3998 principio
1797 3924 1846 3977 est
1868 3915 1903 3981 Γ
1897 3923 1954 3982 ελ-

203 4025 286 4102 toris
309 4018 597 4114 παιδοφιλιοτὲρα,
628 4030 693 4082 tum
717 4011 844 4080 omissis
869 4012 971 4080 verbis
995 4013 1050 4082 inl
1074 4011 1144 4081 τιὸν
1165 4007 1288 4107 άεύρως
1310 4011 1588 4108 τελευτησάντων
1610 4013 1700 4104 ἤτοι,
1724 4017 1843 4086 nomini
1866 4051 1955 4118 παρ-

207 4137 315 4208 θένος
338 4127 543 4194 subiicinutnr
565 4122 651 4208 haec,
674 4123 748 4218 ἥτις
770 4127 808 4194 ἐν
828 4125 877 4212 τῷ
900 4129 1027 4192 τίκτειν
1050 4115 1255 4216 ἐτελεύτησε.
1300 4121 1417 4189 suidas
1441 4151 1470 4188 t'·
1494 4127 1529 4193 Γ
1523 4127 1643 4204 &Movit
1665 4131 1956 4227 παῐδῦφίλωῒῴα·

204 4244 294 4333 αὕτη
314 4237 430 4332 ἄωρος
450 4231 651 4324 ἐτελεύτησε,
681 4237 740 4304 καὶ
767 4231 808 4304 τά
830 4228 1020 4328 φάντασμα
1042 4229 1149 4322 αὐτῆς
1170 4228 1319 4302 ἐδόκουν
1347 4233 1403 4301 e’nl
1426 4230 1478 4302 roi*
1492 4241 1613 4306 παιδία
1635 4217 1695 4306 τεαὶ
1716 4235 1796 4318 τούς
1817 4237 1956 4336 αἰύρους

204 4347 385 4426 θανάτους
408 4341 507 4414 ἰέναι.
550 4341 596 4410 Et
618 4342 811 4436 Hesychius:
842 4343 877 4412 Γ
872 4337 948 4412 ελσύ·
974 4347 1122 4414 εἴδωλον
1142 4338 1341 4434 Ἑμπούσης
1367 4339 1408 4413 16
1432 4345 1499 4412 ῐῶν
1520 4341 1641 4440 δώρων
1667 4348 1735 4416 “37
1755 4354 1955 4444 Παρθένων·

204 4457 335 4542 scaled·
365 4463 511 4548 δαίμων,
534 4453 578 4549 ἢν
599 4461 760 4542 γυναῖκες
778 4449 823 4524 τά
837 4447 966 4541 νεογνά
987 4457 1108 4524 παιδία
1129 4454 1236 4547 φασὶν
1256 4447 1429 4547 ἁρπάζειν.
1482 4453 1521 4522 lu
1544 4457 1648 4546 priore
1670 4455 1781 4548 glossa
1804 4457 1956 4552 llesyrbii

204 4591 289 4648 recte
318 4567 490 4638 coniiciunt
517 4561 717 4658 scribendum
738 4565 807 4632 τῶν
824 4558 952 4659 α’άρων
969 4564 1170 4660 παρθένων.
1221 4561 1315 4632 Duae
1343 4559 1544 4655 prole-nintur
1573 4588 1590 4630 a
1624 4563 1767 4634 Zenobio
1799 4571 1956 4660 proverbii

206 4681 434 4778 expositiones,
459 4673 559 4744 altera
581 4671 620 4742 de
643 4670 797 4740 mortibus
819 4671 1003 4758 immaturis,
1026 4671 1126 4744 altera
1148 4671 1187 4740 de
1209 4670 1394 4765 parentibus
1418 4673 1514 4740 nimia
1538 4673 1729 4765 indulgentia
1747 4673 1862 4748 liberos
1886 4707 1954 4750 cor·

207 4789 438 4888 rumpentibus,
478 4809 612 4882 quarum
635 4781 721 4879 prior
743 4803 781 4850 ex
803 4777 863 4848 boc
885 4784 1181 4878 παιδοφιλωτδρα,
1219 4783 1329 4850 domm
1359 4781 1440 4849 enim
1465 4781 1624 4852 Graecum
1646 4809 1717 4856 esse
1739 4787 1952 4886 παιδόφιλος,
