<?xml version="1.0" encoding="UTF-8"?>
<!DOCTYPE html PUBLIC "-//W3C//DTD XHTML 1.0 Transitional//EN"
    "http://www.w3.org/TR/xhtml1/DTD/xhtml1-transitional.dtd">
<html xmlns="http://www.w3.org/1999/xhtml" xml:lang="en" lang="en">
 <head>
  <title>
</title>
<meta http-equiv="Content-Type" content="text/html;charset=utf-8" />
  <meta name='ocr-system' content='tesseract 3.04.00' />
  <meta name='ocr-capabilities' content='ocr_page ocr_carea ocr_par ocr_line ocrx_word'/>
</head>
<body>
  <div class='ocr_page' id='page_1' title='image "./sapphonismytile00neuegoog_0034.png"; bbox 0 0 4242 5300; ppageno 0'>
   <div class='ocr_carea' id='block_1_1' title="bbox 1025 293 1087 385">
    <p class='ocr_par' dir='ltr' id='par_1_1' title="bbox 1025 293 1087 385">
     <span class='ocr_line' id='line_1_1' title="bbox 1025 293 1087 385; baseline 0.016 -1"><span class='ocrx_word' id='word_1_1' title='bbox 1025 293 1087 385; x_wconf 82' lang='lat'><strong>23</strong></span> 
     </span>
    </p>
   </div>
   <div class='ocr_carea' id='block_1_2' title="bbox 120 516 2022 4134">
    <p class='ocr_par' dir='ltr' id='par_1_2' title="bbox 120 516 2022 4134">
     <span class='ocr_line' id='line_1_2' title="bbox 177 516 1928 612; baseline 0 -23"><span class='ocrx_word' id='word_1_2' title='bbox 177 517 355 589; x_wconf 80' lang='lat' dir='ltr'><strong>anclrius</strong></span> <span class='ocrx_word' id='word_1_3' title='bbox 380 519 556 587; x_wconf 88' lang='lat' dir='ltr'><strong>orationem</strong></span> <span class='ocrx_word' id='word_1_4' title='bbox 580 517 734 603; x_wconf 73' lang='lat' dir='ltr'><strong>distinxit,</strong></span> <span class='ocrx_word' id='word_1_5' title='bbox 764 541 859 612; x_wconf 88' lang='lat' dir='ltr'><strong>quum</strong></span> <span class='ocrx_word' id='word_1_6' title='bbox 884 518 1062 611; x_wconf 80' lang='lat' dir='ltr'><strong>superiores</strong></span> <span class='ocrx_word' id='word_1_7' title='bbox 1087 519 1275 612; x_wconf 83' lang='lat' dir='ltr'><strong>interpretes</strong></span> <span class='ocrx_word' id='word_1_8' title='bbox 1300 535 1429 612; x_wconf 92' lang='lat' dir='ltr'><strong>praeter</strong></span> <span class='ocrx_word' id='word_1_9' title='bbox 1451 519 1495 586; x_wconf 92' lang='grc' dir='ltr'><strong>Η.</strong></span> <span class='ocrx_word' id='word_1_10' title='bbox 1519 516 1717 611; x_wconf 82' lang='lat' dir='ltr'><strong>Stephanum</strong></span> <span class='ocrx_word' id='word_1_11' title='bbox 1740 516 1806 587; x_wconf 81' lang='lat' dir='ltr'><strong>fere</strong></span> <span class='ocrx_word' id='word_1_12' title='bbox 1830 519 1928 589; x_wconf 90' lang='lat' dir='ltr'><strong>verba</strong></span> 
     </span>
     <span class='ocr_line' id='line_1_3' title="bbox 178 625 1929 725; baseline -0.003 -22"><span class='ocrx_word' id='word_1_13' title='bbox 178 629 286 725; x_wconf 81' lang='grc' dir='ltr'><em>δόμον</em></span> <span class='ocrx_word' id='word_1_14' title='bbox 309 627 459 725; x_wconf 79' lang='grc' dir='ltr'><em>χρύσεον</em></span> <span class='ocrx_word' id='word_1_15' title='bbox 482 635 721 721; x_wconf 88' lang='lat' dir='ltr'><strong>coniungerent:</strong></span> <span class='ocrx_word' id='word_1_16' title='bbox 745 627 838 695; x_wconf 89' lang='lat' dir='ltr'><strong>nimis</strong></span> <span class='ocrx_word' id='word_1_17' title='bbox 860 629 944 696; x_wconf 88' lang='lat' dir='ltr'><strong>enim</strong></span> <span class='ocrx_word' id='word_1_18' title='bbox 968 627 1160 722; x_wconf 85' lang='lat' dir='ltr'><strong>languebant</strong></span> <span class='ocrx_word' id='word_1_19' title='bbox 1183 627 1291 694; x_wconf 88' lang='lat' dir='ltr'><strong>addita</strong></span> <span class='ocrx_word' id='word_1_20' title='bbox 1315 627 1394 696; x_wconf 87' lang='lat' dir='ltr'><strong>hacc</strong></span> <span class='ocrx_word' id='word_1_21' title='bbox 1417 627 1498 724; x_wconf 79' lang='grc' dir='ltr'><em>ἅρμ’</em></span> <span class='ocrx_word' id='word_1_22' title='bbox 1518 625 1747 712; x_wconf 75' lang='grc' dir='ltr'><strong>ὑποζεύξαισα,</strong></span> <span class='ocrx_word' id='word_1_23' title='bbox 1769 629 1832 696; x_wconf 86' lang='lat' dir='ltr'><strong>nisi</strong></span> <span class='ocrx_word' id='word_1_24' title='bbox 1852 629 1929 698; x_wconf 85' lang='lat' dir='ltr'><strong>insi·</strong></span> 
     </span>
     <span class='ocr_line' id='line_1_4' title="bbox 177 736 1929 835; baseline -0.002 -27"><span class='ocrx_word' id='word_1_25' title='bbox 177 742 294 835; x_wconf 90' lang='lat' dir='ltr'><strong>gnitior</strong></span> <span class='ocrx_word' id='word_1_26' title='bbox 318 764 424 808; x_wconf 88' lang='lat' dir='ltr'><strong>currus</strong></span> <span class='ocrx_word' id='word_1_27' title='bbox 448 739 555 832; x_wconf 88' lang='lat' dir='ltr'><strong>imago</strong></span> <span class='ocrx_word' id='word_1_28' title='bbox 580 737 670 830; x_wconf 85' lang='lat' dir='ltr'><strong>quasi</strong></span> <span class='ocrx_word' id='word_1_29' title='bbox 695 737 776 804; x_wconf 87' lang='lat' dir='ltr'><strong>visui</strong></span> <span class='ocrx_word' id='word_1_30' title='bbox 800 737 995 806; x_wconf 84' lang='lat' dir='ltr'><strong>subderetur.</strong></span> <span class='ocrx_word' id='word_1_31' title='bbox 1040 736 1150 806; x_wconf 91' lang='lat' dir='ltr'><strong>Versu</strong></span> <span class='ocrx_word' id='word_1_32' title='bbox 1170 753 1201 819; x_wconf 88' lang='lat'><strong>9.</strong></span> <span class='ocrx_word' id='word_1_33' title='bbox 1227 736 1300 804; x_wconf 89' lang='lat' dir='ltr'><strong>libri</strong></span> <span class='ocrx_word' id='word_1_34' title='bbox 1324 761 1481 807; x_wconf 90' lang='lat' dir='ltr'><strong>consensu</strong></span> <span class='ocrx_word' id='word_1_35' title='bbox 1508 737 1716 824; x_wconf 78' lang='grc' dir='ltr'><em>διιοζεδξαοα</em></span> <span class='ocrx_word' id='word_1_36' title='bbox 1745 755 1776 806; x_wconf 87' lang='grc'><strong>11</strong></span> <span class='ocrx_word' id='word_1_37' title='bbox 1804 763 1852 806; x_wconf 88' lang='lat' dir='ltr'><strong>vs.</strong></span> <span class='ocrx_word' id='word_1_38' title='bbox 1878 755 1929 815; x_wconf 76' lang='lat' dir='ltr'><strong>tt.</strong></span> 
     </span>
     <span class='ocr_line' id='line_1_5' title="bbox 177 845 1929 948; baseline -0.002 -27"><span class='ocrx_word' id='word_1_39' title='bbox 177 846 384 948; x_wconf 70' lang='lat' dir='ltr'><strong>perdtdoao’:</strong></span> <span class='ocrx_word' id='word_1_40' title='bbox 409 847 508 916; x_wconf 90' lang='lat' dir='ltr'><strong>nihilo</strong></span> <span class='ocrx_word' id='word_1_41' title='bbox 531 847 634 938; x_wconf 90' lang='lat' dir='ltr'><strong>magis</strong></span> <span class='ocrx_word' id='word_1_42' title='bbox 659 846 878 931; x_wconf 83' lang='lat' dir='ltr'><strong>dubitavimus,</strong></span> <span class='ocrx_word' id='word_1_43' title='bbox 902 846 1040 914; x_wconf 87' lang='lat' dir='ltr'><strong>sormam</strong></span> <span class='ocrx_word' id='word_1_44' title='bbox 1063 847 1235 940; x_wconf 89' lang='lat' dir='ltr'><strong>vulgarem,</strong></span> <span class='ocrx_word' id='word_1_45' title='bbox 1259 873 1300 914; x_wconf 90' lang='lat' dir='ltr'><strong>ne</strong></span> <span class='ocrx_word' id='word_1_46' title='bbox 1323 845 1467 916; x_wconf 87' lang='lat' dir='ltr'><strong>Pindaro</strong></span> <span class='ocrx_word' id='word_1_47' title='bbox 1492 849 1628 942; x_wconf 90' lang='lat' dir='ltr'><strong>quidem,</strong></span> <span class='ocrx_word' id='word_1_48' title='bbox 1651 849 1768 916; x_wconf 89' lang='lat' dir='ltr'><strong>nedum</strong></span> <span class='ocrx_word' id='word_1_49' title='bbox 1790 847 1929 917; x_wconf 80' lang='lat' dir='ltr'><strong>Aeolon·</strong></span> 
     </span>
     <span class='ocr_line' id='line_1_6' title="bbox 177 954 1927 1052; baseline 0.001 -25"><span class='ocrx_word' id='word_1_50' title='bbox 177 961 265 1028; x_wconf 89' lang='lat' dir='ltr'><strong>sibus</strong></span> <span class='ocrx_word' id='word_1_51' title='bbox 289 974 484 1052; x_wconf 86' lang='lat' dir='ltr'><strong>usurpatam,</strong></span> <span class='ocrx_word' id='word_1_52' title='bbox 508 956 675 1051; x_wconf 87' lang='lat' dir='ltr'><strong>expellere.</strong></span> <span class='ocrx_word' id='word_1_53' title='bbox 699 954 849 1024; x_wconf 90' lang='lat' dir='ltr'><strong>&#39;Vs.10.</strong></span> <span class='ocrx_word' id='word_1_54' title='bbox 871 955 1082 1024; x_wconf 86' lang='lat' dir='ltr'><strong>Blomlleldus</strong></span> <span class='ocrx_word' id='word_1_55' title='bbox 1108 957 1159 1024; x_wconf 81' lang='lat' dir='ltr'><strong>vix</strong></span> <span class='ocrx_word' id='word_1_56' title='bbox 1183 956 1324 1024; x_wconf 84' lang='lat' dir='ltr'><strong>dubitare</strong></span> <span class='ocrx_word' id='word_1_57' title='bbox 1346 981 1380 1024; x_wconf 90' lang='lat' dir='ltr'><strong>se</strong></span> <span class='ocrx_word' id='word_1_58' title='bbox 1401 957 1454 1042; x_wconf 85' lang='lat' dir='ltr'><strong>ait,</strong></span> <span class='ocrx_word' id='word_1_59' title='bbox 1479 959 1554 1051; x_wconf 85' lang='lat' dir='ltr'><strong>quin</strong></span> <span class='ocrx_word' id='word_1_60' title='bbox 1576 959 1746 1052; x_wconf 82' lang='lat' dir='ltr'><strong>legendum</strong></span> <span class='ocrx_word' id='word_1_61' title='bbox 1764 959 1806 1026; x_wconf 83' lang='lat' dir='ltr'><strong>sit</strong></span> <span class='ocrx_word' id='word_1_62' title='bbox 1824 957 1927 1047; x_wconf 79' lang='lat' dir='ltr'><strong>cdxc&#39;oc,</strong></span> 
     </span>
     <span class='ocr_line' id='line_1_7' title="bbox 178 1066 2011 1163; baseline -0.002 -24"><span class='ocrx_word' id='word_1_63' title='bbox 178 1069 344 1151; x_wconf 75' lang='lat' dir='ltr'><strong>celeriter,</strong></span> <span class='ocrx_word' id='word_1_64' title='bbox 369 1067 454 1160; x_wconf 93' lang='lat' dir='ltr'><strong>quod</strong></span> <span class='ocrx_word' id='word_1_65' title='bbox 477 1091 536 1134; x_wconf 94' lang='lat' dir='ltr'><strong>nos</strong></span> <span class='ocrx_word' id='word_1_66' title='bbox 563 1067 705 1159; x_wconf 92' lang='lat' dir='ltr'><strong>quidem,</strong></span> <span class='ocrx_word' id='word_1_67' title='bbox 729 1067 853 1134; x_wconf 90' lang='lat' dir='ltr'><strong>etiamsi</strong></span> <span class='ocrx_word' id='word_1_68' title='bbox 876 1067 908 1133; x_wconf 91' lang='lat' dir='ltr'><strong>in</strong></span> <span class='ocrx_word' id='word_1_69' title='bbox 932 1066 1020 1134; x_wconf 89' lang='lat' dir='ltr'><strong>libris</strong></span> <span class='ocrx_word' id='word_1_70' title='bbox 1044 1066 1249 1160; x_wconf 87' lang='lat' dir='ltr'><strong>reperiretur,</strong></span> <span class='ocrx_word' id='word_1_71' title='bbox 1273 1066 1419 1158; x_wconf 86' lang='lat' dir='ltr'><strong>vulgatae</strong></span> <span class='ocrx_word' id='word_1_72' title='bbox 1444 1069 1616 1162; x_wconf 87' lang='lat' dir='ltr'><strong>scripturae</strong></span> <span class='ocrx_word' id='word_1_73' title='bbox 1640 1068 1853 1163; x_wconf 87' lang='lat' dir='ltr'><strong>posthabitori</strong></span> <span class='ocrx_word' id='word_1_74' title='bbox 1876 1091 1928 1136; x_wconf 91' lang='lat' dir='ltr'><strong>es·</strong></span> <span class='ocrx_word' id='word_1_75' title='bbox 2008 1101 2011 1108; x_wconf 62' lang='lat'><strong><em>¹</em></strong></span> 
     </span>
     <span class='ocr_line' id='line_1_8' title="bbox 177 1174 1930 1274; baseline -0.001 -27"><span class='ocrx_word' id='word_1_76' title='bbox 177 1203 294 1248; x_wconf 90' lang='lat' dir='ltr'><strong>semus.</strong></span> <span class='ocrx_word' id='word_1_77' title='bbox 329 1177 397 1245; x_wconf 91' lang='lat' dir='ltr'><strong>Cur</strong></span> <span class='ocrx_word' id='word_1_78' title='bbox 418 1175 602 1272; x_wconf 89' lang='lat' dir='ltr'><strong>passeribus</strong></span> <span class='ocrx_word' id='word_1_79' title='bbox 626 1177 827 1271; x_wconf 90' lang='lat' dir='ltr'><strong>potissimum</strong></span> <span class='ocrx_word' id='word_1_80' title='bbox 841 1176 1005 1245; x_wconf 87' lang='lat' dir='ltr'><strong>Venerem</strong></span> <span class='ocrx_word' id='word_1_81' title='bbox 1030 1192 1152 1247; x_wconf 83' lang='lat' dir='ltr'><strong>vectam</strong></span> <span class='ocrx_word' id='word_1_82' title='bbox 1168 1174 1302 1271; x_wconf 86' lang='lat' dir='ltr'><strong>Sappho</strong></span> <span class='ocrx_word' id='word_1_83' title='bbox 1326 1176 1432 1262; x_wconf 84' lang='lat' dir='ltr'><strong>faeiat,</strong></span> <span class='ocrx_word' id='word_1_84' title='bbox 1456 1177 1596 1246; x_wconf 86' lang='lat' dir='ltr'><strong>declarat</strong></span> <span class='ocrx_word' id='word_1_85' title='bbox 1615 1178 1798 1246; x_wconf 81' lang='lat' dir='ltr'><strong>Athenaeus</strong></span> <span class='ocrx_word' id='word_1_86' title='bbox 1821 1177 1880 1244; x_wconf 90' lang='lat' dir='ltr'><strong>IX.</strong></span> <span class='ocrx_word' id='word_1_87' title='bbox 1896 1205 1930 1274; x_wconf 92' lang='lat' dir='ltr'><strong>p.</strong></span> 
     </span>
     <span class='ocr_line' id='line_1_9' title="bbox 177 1282 1930 1386; baseline 0.001 -29"><span class='ocrx_word' id='word_1_88' title='bbox 177 1303 253 1372; x_wconf 77' lang='grc'><strong>391.</strong></span> <span class='ocrx_word' id='word_1_89' title='bbox 269 1314 297 1356; x_wconf 83' lang='grc'><strong>1.</strong></span> <span class='ocrx_word' id='word_1_90' title='bbox 320 1286 369 1355; x_wconf 90' lang='lat' dir='ltr'><strong>his</strong></span> <span class='ocrx_word' id='word_1_91' title='bbox 394 1286 517 1354; x_wconf 85' lang='lat' dir='ltr'><strong>verbis:</strong></span> <span class='ocrx_word' id='word_1_92' title='bbox 548 1291 620 1357; x_wconf 86' lang='lat' dir='ltr'><strong>Kal</strong></span> <span class='ocrx_word' id='word_1_93' title='bbox 642 1293 680 1358; x_wconf 86' lang='grc' dir='ltr'><strong>οἱ</strong></span> <span class='ocrx_word' id='word_1_94' title='bbox 697 1290 862 1383; x_wconf 76' lang='grc' dir='ltr'><em>στρουθοὶ</em></span> <span class='ocrx_word' id='word_1_95' title='bbox 885 1289 929 1358; x_wconf 80' lang='grc' dir='ltr'><strong>δι’</strong></span> <span class='ocrx_word' id='word_1_96' title='bbox 946 1282 1032 1356; x_wconf 79' lang='grc' dir='ltr'><em>εἶσιν</em></span> <span class='ocrx_word' id='word_1_97' title='bbox 1054 1283 1239 1376; x_wconf 79' lang='grc' dir='ltr'><em>ὀχευτικοί·</em></span> <span class='ocrx_word' id='word_1_98' title='bbox 1268 1283 1321 1357; x_wconf 84' lang='grc' dir='ltr'><strong>διδ</strong></span> <span class='ocrx_word' id='word_1_99' title='bbox 1341 1289 1401 1357; x_wconf 81' lang='grc' dir='ltr'><strong>καὶ</strong></span> <span class='ocrx_word' id='word_1_100' title='bbox 1432 1287 1629 1386; x_wconf 66' lang='grc' dir='ltr'><em>Τερψικλῆς</em></span> <span class='ocrx_word' id='word_1_101' title='bbox 1649 1285 1730 1368; x_wconf 68' lang='lat' dir='ltr'><strong>rods</strong></span> <span class='ocrx_word' id='word_1_102' title='bbox 1752 1286 1930 1386; x_wconf 79' lang='grc' dir='ltr'><em>ἕμφαγόν·</em></span> 
     </span>
     <span class='ocr_line' id='line_1_10' title="bbox 120 1392 1930 1496; baseline -0.001 -25"><span class='ocrx_word' id='word_1_103' title='bbox 120 1469 123 1478; x_wconf 88' lang='grc'><strong>,</strong></span> <span class='ocrx_word' id='word_1_104' title='bbox 176 1427 239 1479; x_wconf 82' lang='grc' dir='ltr'><em>τοις</em></span> <span class='ocrx_word' id='word_1_105' title='bbox 257 1401 337 1496; x_wconf 80' lang='grc' dir='ltr'><em>φησὶ</em></span> <span class='ocrx_word' id='word_1_106' title='bbox 358 1395 542 1494; x_wconf 78' lang='grc' dir='ltr'><em>στρουθῶν</em></span> <span class='ocrx_word' id='word_1_107' title='bbox 563 1395 839 1495; x_wconf 77' lang='grc' dir='ltr'><em>ἐπικαταφόρους</em></span> <span class='ocrx_word' id='word_1_108' title='bbox 858 1392 945 1493; x_wconf 82' lang='grc' dir='ltr'><em>πρδς</em></span> <span class='ocrx_word' id='word_1_109' title='bbox 966 1392 1152 1491; x_wconf 77' lang='grc' dir='ltr'><em>ἀφροδίσια</em></span> <span class='ocrx_word' id='word_1_110' title='bbox 1174 1401 1341 1484; x_wconf 80' lang='grc' dir='ltr'><em>γίνεσθαι.</em></span> <span class='ocrx_word' id='word_1_111' title='bbox 1369 1395 1496 1494; x_wconf 76' lang='grc' dir='ltr'><em>μήποτε</em></span> <span class='ocrx_word' id='word_1_112' title='bbox 1516 1393 1580 1467; x_wconf 81' lang='grc' dir='ltr'><strong>οὖν</strong></span> <span class='ocrx_word' id='word_1_113' title='bbox 1599 1401 1658 1468; x_wconf 80' lang='grc' dir='ltr'><strong>καὶ</strong></span> <span class='ocrx_word' id='word_1_114' title='bbox 1672 1399 1694 1496; x_wconf 82' lang='grc' dir='ltr'><em>ἡ</em></span> <span class='ocrx_word' id='word_1_115' title='bbox 1710 1395 1839 1495; x_wconf 82' lang='grc' dir='ltr'><em>Σααφιδ</em></span> <span class='ocrx_word' id='word_1_116' title='bbox 1860 1393 1930 1469; x_wconf 58' lang='lat' dir='ltr'><strong>cino*</strong></span> 
     </span>
     <span class='ocr_line' id='line_1_11' title="bbox 141 1503 1930 1608; baseline 0.001 -32"><span class='ocrx_word' id='word_1_117' title='bbox 141 1559 148 1566; x_wconf 85' lang='lat'>-</span> <span class='ocrx_word' id='word_1_118' title='bbox 176 1511 236 1608; x_wconf 82' lang='grc' dir='ltr'><strong>τῆς</strong></span> <span class='ocrx_word' id='word_1_119' title='bbox 263 1513 413 1603; x_wconf 80' lang='grc' dir='ltr'><em>ἱστορίας</em></span> <span class='ocrx_word' id='word_1_120' title='bbox 440 1504 504 1603; x_wconf 83' lang='grc' dir='ltr'><strong>τήν</strong></span> <span class='ocrx_word' id='word_1_121' title='bbox 524 1505 735 1605; x_wconf 71' lang='grc' dir='ltr'><em>Ἀφροδίτην</em></span> <span class='ocrx_word' id='word_1_122' title='bbox 763 1506 811 1577; x_wconf 80' lang='lat' dir='ltr'><strong>s&#39;n&#39;</strong></span> <span class='ocrx_word' id='word_1_123' title='bbox 833 1505 949 1577; x_wconf 73' lang='grc' dir='ltr'><em>αὐτῶν</em></span> <span class='ocrx_word' id='word_1_124' title='bbox 971 1534 1073 1602; x_wconf 67' lang='grc' dir='ltr'><em>φησιν</em></span> <span class='ocrx_word' id='word_1_125' title='bbox 1102 1504 1281 1596; x_wconf 81' lang='grc' dir='ltr'><em>ὀχεῖσθαι·</em></span> <span class='ocrx_word' id='word_1_126' title='bbox 1312 1511 1371 1577; x_wconf 81' lang='grc' dir='ltr'><strong>καὶ</strong></span> <span class='ocrx_word' id='word_1_127' title='bbox 1392 1503 1462 1602; x_wconf 76' lang='grc' dir='ltr'><strong>γδρ</strong></span> <span class='ocrx_word' id='word_1_128' title='bbox 1484 1503 1666 1597; x_wconf 72' lang='grc' dir='ltr'><em>ὀχευτικὸν</em></span> <span class='ocrx_word' id='word_1_129' title='bbox 1692 1504 1735 1579; x_wconf 83' lang='lat' dir='ltr'><strong>rd</strong></span> <span class='ocrx_word' id='word_1_130' title='bbox 1756 1508 1841 1592; x_wconf 78' lang='grc' dir='ltr'><em>ζιὸον</em></span> <span class='ocrx_word' id='word_1_131' title='bbox 1869 1511 1930 1577; x_wconf 77' lang='grc' dir='ltr'><strong>καὶ</strong></span> 
     </span>
     <span class='ocr_line' id='line_1_12' title="bbox 177 1615 1928 1712; baseline -0.002 -23"><span class='ocrx_word' id='word_1_132' title='bbox 177 1617 378 1709; x_wconf 76' lang='grc' dir='ltr'><em>πολύγονον.</em></span> <span class='ocrx_word' id='word_1_133' title='bbox 412 1616 506 1706; x_wconf 84' lang='lat' dir='ltr'><strong>Quae</strong></span> <span class='ocrx_word' id='word_1_134' title='bbox 531 1617 687 1710; x_wconf 78' lang='lat' dir='ltr'><strong>excerpsit</strong></span> <span class='ocrx_word' id='word_1_135' title='bbox 709 1616 895 1684; x_wconf 88' lang='lat' dir='ltr'><strong>Eustathius</strong></span> <span class='ocrx_word' id='word_1_136' title='bbox 921 1615 963 1682; x_wconf 91' lang='lat' dir='ltr'><strong>ad</strong></span> <span class='ocrx_word' id='word_1_137' title='bbox 982 1615 1073 1682; x_wconf 89' lang='lat' dir='ltr'><strong>lliad.</strong></span> <span class='ocrx_word' id='word_1_138' title='bbox 1094 1623 1130 1707; x_wconf 80' lang='grc' dir='ltr'><strong>β.</strong></span> <span class='ocrx_word' id='word_1_139' title='bbox 1153 1644 1186 1710; x_wconf 93' lang='lat' dir='ltr'><strong>p.</strong></span> <span class='ocrx_word' id='word_1_140' title='bbox 1206 1631 1277 1699; x_wconf 75' lang='lat'><strong>173,</strong></span> <span class='ocrx_word' id='word_1_141' title='bbox 1298 1630 1347 1682; x_wconf 79' lang='lat'><strong>12.</strong></span> <span class='ocrx_word' id='word_1_142' title='bbox 1369 1616 1449 1683; x_wconf 90' lang='lat' dir='ltr'><strong>Bas.</strong></span> <span class='ocrx_word' id='word_1_143' title='bbox 1495 1617 1617 1686; x_wconf 88' lang='lat' dir='ltr'><strong>Ibidem</strong></span> <span class='ocrx_word' id='word_1_144' title='bbox 1632 1615 1734 1684; x_wconf 91' lang='lat' dir='ltr'><strong>Aldus</strong></span> <span class='ocrx_word' id='word_1_145' title='bbox 1759 1619 1928 1712; x_wconf 77' lang='grc' dir='ltr'><em>τιτέριγας,</em></span> 
     </span>
     <span class='ocr_line' id='line_1_13' title="bbox 177 1725 1957 1822; baseline -0.001 -26"><span class='ocrx_word' id='word_1_146' title='bbox 177 1729 351 1822; x_wconf 83' lang='lat' dir='ltr'><strong>eademque</strong></span> <span class='ocrx_word' id='word_1_147' title='bbox 375 1727 468 1795; x_wconf 91' lang='lat' dir='ltr'><strong>lectio</strong></span> <span class='ocrx_word' id='word_1_148' title='bbox 492 1725 717 1819; x_wconf 87' lang='lat' dir='ltr'><strong>suprascriptis</strong></span> <span class='ocrx_word' id='word_1_149' title='bbox 739 1725 850 1794; x_wconf 86' lang='lat' dir='ltr'><strong>litteris</strong></span> <span class='ocrx_word' id='word_1_150' title='bbox 875 1725 1031 1793; x_wconf 89' lang='lat' dir='ltr'><strong>indicatur</strong></span> <span class='ocrx_word' id='word_1_151' title='bbox 1054 1725 1086 1792; x_wconf 92' lang='lat' dir='ltr'><strong>iu</strong></span> <span class='ocrx_word' id='word_1_152' title='bbox 1102 1725 1237 1793; x_wconf 92' lang='lat' dir='ltr'><strong>Victorii</strong></span> <span class='ocrx_word' id='word_1_153' title='bbox 1261 1726 1354 1792; x_wconf 94' lang='lat' dir='ltr'><strong>codd.</strong></span> <span class='ocrx_word' id='word_1_154' title='bbox 1378 1753 1408 1793; x_wconf 88' lang='lat' dir='ltr'><strong>v.</strong></span> <span class='ocrx_word' id='word_1_155' title='bbox 1424 1725 1446 1793; x_wconf 95' lang='lat' dir='ltr'><strong>l.</strong></span> <span class='ocrx_word' id='word_1_156' title='bbox 1477 1727 1574 1795; x_wconf 90' lang='lat' dir='ltr'><strong>Unde</strong></span> <span class='ocrx_word' id='word_1_157' title='bbox 1590 1727 1728 1795; x_wconf 90' lang='lat' dir='ltr'><strong>Ursinus</strong></span> <span class='ocrx_word' id='word_1_158' title='bbox 1752 1726 1957 1796; x_wconf 78' lang='grc'><strong>111111111’-·</strong></span> 
     </span>
     <span class='ocr_line' id='line_1_14' title="bbox 176 1832 1929 1938; baseline -0.002 -33"><span class='ocrx_word' id='word_1_159' title='bbox 176 1867 302 1938; x_wconf 77' lang='grc' dir='ltr'><strong>ρυγας,</strong></span> <span class='ocrx_word' id='word_1_160' title='bbox 331 1835 573 1905; x_wconf 86' lang='lat' dir='ltr'><strong>assentientibus</strong></span> <span class='ocrx_word' id='word_1_161' title='bbox 600 1834 782 1928; x_wconf 90' lang='lat' dir='ltr'><strong>Stephano,</strong></span> <span class='ocrx_word' id='word_1_162' title='bbox 805 1832 921 1918; x_wconf 90' lang='lat' dir='ltr'><strong>Porto,</strong></span> <span class='ocrx_word' id='word_1_163' title='bbox 944 1833 1067 1917; x_wconf 88' lang='lat' dir='ltr'><strong>Fabro,</strong></span> <span class='ocrx_word' id='word_1_164' title='bbox 1091 1859 1223 1926; x_wconf 89' lang='lat' dir='ltr'><strong>eamque</strong></span> <span class='ocrx_word' id='word_1_165' title='bbox 1248 1833 1431 1918; x_wconf 90' lang='lat' dir='ltr'><strong>lectionem,</strong></span> <span class='ocrx_word' id='word_1_166' title='bbox 1456 1860 1649 1929; x_wconf 89' lang='lat' dir='ltr'><strong>quamquam</strong></span> <span class='ocrx_word' id='word_1_167' title='bbox 1671 1837 1715 1904; x_wconf 91' lang='lat' dir='ltr'><strong>Is.</strong></span> <span class='ocrx_word' id='word_1_168' title='bbox 1730 1835 1871 1905; x_wconf 86' lang='lat' dir='ltr'><strong>Vossius</strong></span> <span class='ocrx_word' id='word_1_169' title='bbox 1895 1835 1929 1902; x_wconf 93' lang='lat' dir='ltr'><strong>in</strong></span> 
     </span>
     <span class='ocr_line' id='line_1_15' title="bbox 176 1941 1930 2042; baseline -0.004 -22"><span class='ocrx_word' id='word_1_170' title='bbox 176 1950 270 2020; x_wconf 90' lang='lat' dir='ltr'><strong>codd.</strong></span> <span class='ocrx_word' id='word_1_171' title='bbox 294 1953 432 2042; x_wconf 75' lang='grc' dir='ltr'><em>περίγας</em></span> <span class='ocrx_word' id='word_1_172' title='bbox 456 1971 525 2012; x_wconf 92' lang='lat' dir='ltr'><strong>esse</strong></span> <span class='ocrx_word' id='word_1_173' title='bbox 549 1961 728 2027; x_wconf 90' lang='lat' dir='ltr'><strong>monuerat,</strong></span> <span class='ocrx_word' id='word_1_174' title='bbox 754 1945 839 2036; x_wconf 91' lang='lat' dir='ltr'><strong>quod</strong></span> <span class='ocrx_word' id='word_1_175' title='bbox 862 1967 927 2011; x_wconf 93' lang='lat' dir='ltr'><strong>non</strong></span> <span class='ocrx_word' id='word_1_176' title='bbox 952 1941 1061 2010; x_wconf 85' lang='lat' dir='ltr'><strong>dilsert</strong></span> <span class='ocrx_word' id='word_1_177' title='bbox 1084 1967 1104 2010; x_wconf 90' lang='lat' dir='ltr'><strong>a</strong></span> <span class='ocrx_word' id='word_1_178' title='bbox 1125 1944 1281 2038; x_wconf 90' lang='lat' dir='ltr'><strong>scriptura</strong></span> <span class='ocrx_word' id='word_1_179' title='bbox 1303 1943 1374 2011; x_wconf 91' lang='lat' dir='ltr'><strong>cod.</strong></span> <span class='ocrx_word' id='word_1_180' title='bbox 1391 1942 1523 2012; x_wconf 88' lang='lat' dir='ltr'><strong>Monac.</strong></span> <span class='ocrx_word' id='word_1_181' title='bbox 1547 1961 1579 2012; x_wconf 90' lang='lat' dir='ltr'><strong>et</strong></span> <span class='ocrx_word' id='word_1_182' title='bbox 1597 1945 1776 2014; x_wconf 87' lang='lat' dir='ltr'><strong>Victoriani</strong></span> <span class='ocrx_word' id='word_1_183' title='bbox 1800 1972 1830 2013; x_wconf 84' lang='lat' dir='ltr'><strong>v.</strong></span> <span class='ocrx_word' id='word_1_184' title='bbox 1854 1947 1930 2042; x_wconf 78' lang='grc' dir='ltr'><em>περὶ</em></span> 
     </span>
     <span class='ocr_line' id='line_1_16' title="bbox 176 2051 1932 2151; baseline -0.005 -21"><span class='ocrx_word' id='word_1_185' title='bbox 176 2060 256 2151; x_wconf 75' lang='grc' dir='ltr'><strong>γᾶς,</strong></span> <span class='ocrx_word' id='word_1_186' title='bbox 285 2072 481 2126; x_wconf 83' lang='lat' dir='ltr'><strong>retraxemnt</strong></span> <span class='ocrx_word' id='word_1_187' title='bbox 506 2054 675 2138; x_wconf 79' lang='lat' dir='ltr'><strong>Baxtcrus,</strong></span> <span class='ocrx_word' id='word_1_188' title='bbox 697 2051 862 2138; x_wconf 90' lang='lat' dir='ltr'><strong>Wollius,</strong></span> <span class='ocrx_word' id='word_1_189' title='bbox 889 2051 1074 2136; x_wconf 88' lang='lat' dir='ltr'><strong>Fischerus,</strong></span> <span class='ocrx_word' id='word_1_190' title='bbox 1097 2051 1271 2144; x_wconf 90' lang='lat' dir='ltr'><strong>Volgerus.</strong></span> <span class='ocrx_word' id='word_1_191' title='bbox 1318 2051 1468 2120; x_wconf 90' lang='lat' dir='ltr'><strong>Cetemm</strong></span> <span class='ocrx_word' id='word_1_192' title='bbox 1491 2053 1645 2145; x_wconf 85' lang='lat' dir='ltr'><strong>genitivus</strong></span> <span class='ocrx_word' id='word_1_193' title='bbox 1671 2054 1854 2151; x_wconf 84' lang='lat' dir='ltr'><strong>exquisitior</strong></span> <span class='ocrx_word' id='word_1_194' title='bbox 1881 2069 1932 2122; x_wconf 89' lang='lat' dir='ltr'><strong>est</strong></span> 
     </span>
     <span class='ocr_line' id='line_1_17' title="bbox 177 2161 1929 2264; baseline -0.003 -27"><span class='ocrx_word' id='word_1_195' title='bbox 177 2193 273 2264; x_wconf 90' lang='lat' dir='ltr'><strong>quam</strong></span> <span class='ocrx_word' id='word_1_196' title='bbox 296 2191 396 2235; x_wconf 92' lang='lat' dir='ltr'><strong>accus.</strong></span> <span class='ocrx_word' id='word_1_197' title='bbox 420 2169 496 2262; x_wconf 81' lang='grc' dir='ltr'><em>περὶ</em></span> <span class='ocrx_word' id='word_1_198' title='bbox 517 2164 582 2259; x_wconf 74' lang='grc' dir='ltr'><strong>γῆν</strong></span> <span class='ocrx_word' id='word_1_199' title='bbox 603 2165 793 2253; x_wconf 77' lang='grc' dir='ltr'><em>μέλαιναν,</em></span> <span class='ocrx_word' id='word_1_200' title='bbox 822 2187 915 2255; x_wconf 91' lang='lat' dir='ltr'><strong>quem</strong></span> <span class='ocrx_word' id='word_1_201' title='bbox 939 2188 976 2230; x_wconf 81' lang='lat' dir='ltr'><strong>er</strong></span> <span class='ocrx_word' id='word_1_202' title='bbox 1000 2161 1132 2231; x_wconf 92' lang='lat' dir='ltr'><strong>Anthol.</strong></span> <span class='ocrx_word' id='word_1_203' title='bbox 1152 2161 1282 2232; x_wconf 76' lang='lat' dir='ltr'><strong>venta</strong></span> <span class='ocrx_word' id='word_1_204' title='bbox 1305 2161 1515 2232; x_wconf 85' lang='lat' dir='ltr'><strong>Blombeldus</strong></span> <span class='ocrx_word' id='word_1_205' title='bbox 1540 2177 1662 2247; x_wconf 91' lang='lat' dir='ltr'><strong>enotat,</strong></span> <span class='ocrx_word' id='word_1_206' title='bbox 1692 2164 1766 2256; x_wconf 92' lang='lat' dir='ltr'><strong>quia</strong></span> <span class='ocrx_word' id='word_1_207' title='bbox 1789 2164 1929 2232; x_wconf 85' lang='lat' dir='ltr'><strong>aviculae</strong></span> 
     </span>
     <span class='ocr_line' id='line_1_18' title="bbox 176 2270 1930 2375; baseline -0.003 -31"><span class='ocrx_word' id='word_1_208' title='bbox 176 2303 278 2375; x_wconf 90' lang='lat' dir='ltr'><strong>prope</strong></span> <span class='ocrx_word' id='word_1_209' title='bbox 302 2293 420 2345; x_wconf 88' lang='lat' dir='ltr'><strong>terram</strong></span> <span class='ocrx_word' id='word_1_210' title='bbox 444 2274 609 2358; x_wconf 83' lang='lat' dir='ltr'><strong>advolant,</strong></span> <span class='ocrx_word' id='word_1_211' title='bbox 641 2299 706 2340; x_wconf 92' lang='lat' dir='ltr'><strong>non</strong></span> <span class='ocrx_word' id='word_1_212' title='bbox 730 2272 858 2341; x_wconf 87' lang='lat' dir='ltr'><strong>circuitu</strong></span> <span class='ocrx_word' id='word_1_213' title='bbox 882 2296 953 2338; x_wconf 90' lang='lat' dir='ltr'><strong>eam</strong></span> <span class='ocrx_word' id='word_1_214' title='bbox 977 2271 1128 2338; x_wconf 89' lang='lat' dir='ltr'><strong>ambiunt.</strong></span> <span class='ocrx_word' id='word_1_215' title='bbox 1173 2270 1283 2340; x_wconf 91' lang='lat' dir='ltr'><strong>Versu</strong></span> <span class='ocrx_word' id='word_1_216' title='bbox 1306 2288 1356 2338; x_wconf 89' lang='grc'><strong>11.</strong></span> <span class='ocrx_word' id='word_1_217' title='bbox 1386 2271 1541 2368; x_wconf 79' lang='grc' dir='ltr'><em>δινῆντες</em></span> <span class='ocrx_word' id='word_1_218' title='bbox 1562 2272 1753 2341; x_wconf 88' lang='lat' dir='ltr'><strong>restituimus</strong></span> <span class='ocrx_word' id='word_1_219' title='bbox 1782 2299 1821 2340; x_wconf 84' lang='lat' dir='ltr'><strong>ex</strong></span> <span class='ocrx_word' id='word_1_220' title='bbox 1843 2273 1930 2340; x_wconf 92' lang='lat' dir='ltr'><strong>Aldo</strong></span> 
     </span>
     <span class='ocr_line' id='line_1_19' title="bbox 176 2381 1929 2478; baseline -0.005 -19"><span class='ocrx_word' id='word_1_221' title='bbox 176 2406 209 2459; x_wconf 90' lang='lat' dir='ltr'><strong>ct</strong></span> <span class='ocrx_word' id='word_1_222' title='bbox 233 2389 325 2456; x_wconf 93' lang='lat' dir='ltr'><strong>codd.</strong></span> <span class='ocrx_word' id='word_1_223' title='bbox 341 2385 425 2478; x_wconf 85' lang='lat' dir='ltr'><strong>Reg.</strong></span> <span class='ocrx_word' id='word_1_224' title='bbox 445 2403 472 2452; x_wconf 92' lang='grc'><strong>1.</strong></span> <span class='ocrx_word' id='word_1_225' title='bbox 494 2383 608 2464; x_wconf 82' lang='lat' dir='ltr'><strong>Colb.;</strong></span> <span class='ocrx_word' id='word_1_226' title='bbox 637 2383 775 2478; x_wconf 91' lang='lat' dir='ltr'><strong>plurima</strong></span> <span class='ocrx_word' id='word_1_227' title='bbox 799 2383 884 2450; x_wconf 90' lang='lat' dir='ltr'><strong>enim</strong></span> <span class='ocrx_word' id='word_1_228' title='bbox 908 2381 1051 2475; x_wconf 84' lang='lat' dir='ltr'><strong>exempla</strong></span> <span class='ocrx_word' id='word_1_229' title='bbox 1076 2382 1159 2476; x_wconf 72' lang='lat' dir='ltr'><strong>typis</strong></span> <span class='ocrx_word' id='word_1_230' title='bbox 1184 2382 1269 2450; x_wconf 87' lang='lat' dir='ltr'><strong>edita</strong></span> <span class='ocrx_word' id='word_1_231' title='bbox 1292 2381 1408 2450; x_wconf 87' lang='lat' dir='ltr'><strong>invasit</strong></span> <span class='ocrx_word' id='word_1_232' title='bbox 1431 2381 1601 2465; x_wconf 82' lang='grc' dir='ltr'><strong>δινῦντες,</strong></span> <span class='ocrx_word' id='word_1_233' title='bbox 1630 2383 1714 2451; x_wconf 90' lang='lat' dir='ltr'><strong>unde</strong></span> <span class='ocrx_word' id='word_1_234' title='bbox 1737 2382 1929 2451; x_wconf 88' lang='lat' dir='ltr'><strong>recentiores</strong></span> 
     </span>
     <span class='ocr_line' id='line_1_20' title="bbox 177 2491 1929 2587; baseline -0.005 -18"><span class='ocrx_word' id='word_1_235' title='bbox 177 2498 289 2569; x_wconf 91' lang='lat' dir='ltr'><strong>Critici</strong></span> <span class='ocrx_word' id='word_1_236' title='bbox 312 2495 454 2565; x_wconf 85' lang='lat' dir='ltr'><strong>fecerunt</strong></span> <span class='ocrx_word' id='word_1_237' title='bbox 478 2491 666 2580; x_wconf 79' lang='grc' dir='ltr'><em>διντῦντες,</em></span> <span class='ocrx_word' id='word_1_238' title='bbox 700 2491 874 2585; x_wconf 88' lang='lat' dir='ltr'><strong>quodiam</strong></span> <span class='ocrx_word' id='word_1_239' title='bbox 901 2491 935 2560; x_wconf 94' lang='lat' dir='ltr'><strong>in</strong></span> <span class='ocrx_word' id='word_1_240' title='bbox 959 2492 1030 2560; x_wconf 92' lang='lat' dir='ltr'><strong>cod.</strong></span> <span class='ocrx_word' id='word_1_241' title='bbox 1051 2491 1184 2559; x_wconf 85' lang='lat' dir='ltr'><strong>Monac.</strong></span> <span class='ocrx_word' id='word_1_242' title='bbox 1208 2509 1369 2585; x_wconf 86' lang='lat' dir='ltr'><strong>repertum</strong></span> <span class='ocrx_word' id='word_1_243' title='bbox 1393 2509 1451 2562; x_wconf 90' lang='lat' dir='ltr'><strong>est.</strong></span> <span class='ocrx_word' id='word_1_244' title='bbox 1497 2491 1580 2560; x_wconf 93' lang='lat' dir='ltr'><strong>lllud</strong></span> <span class='ocrx_word' id='word_1_245' title='bbox 1608 2508 1641 2559; x_wconf 90' lang='lat' dir='ltr'><strong>ut</strong></span> <span class='ocrx_word' id='word_1_246' title='bbox 1663 2493 1839 2587; x_wconf 86' lang='lat' dir='ltr'><strong>potioribus</strong></span> <span class='ocrx_word' id='word_1_247' title='bbox 1864 2516 1929 2560; x_wconf 88' lang='lat' dir='ltr'><strong>nou</strong></span> 
     </span>
     <span class='ocr_line' id='line_1_21' title="bbox 177 2593 1929 2697; baseline -0.004 -18"><span class='ocrx_word' id='word_1_248' title='bbox 177 2610 269 2679; x_wconf 90' lang='lat' dir='ltr'><strong>dubie</strong></span> <span class='ocrx_word' id='word_1_249' title='bbox 295 2604 531 2675; x_wconf 89' lang='lat' dir='ltr'><strong>auctoritatibus</strong></span> <span class='ocrx_word' id='word_1_250' title='bbox 560 2604 777 2686; x_wconf 88' lang='lat' dir='ltr'><strong>confirmatur,</strong></span> <span class='ocrx_word' id='word_1_251' title='bbox 808 2601 852 2669; x_wconf 90' lang='lat' dir='ltr'><strong>ita</strong></span> <span class='ocrx_word' id='word_1_252' title='bbox 882 2628 952 2669; x_wconf 93' lang='lat' dir='ltr'><strong>cum</strong></span> <span class='ocrx_word' id='word_1_253' title='bbox 976 2601 1097 2695; x_wconf 88' lang='lat' dir='ltr'><strong>reliqua</strong></span> <span class='ocrx_word' id='word_1_254' title='bbox 1122 2593 1330 2670; x_wconf 88' lang='lat' dir='ltr'><strong>declinatione</strong></span> <span class='ocrx_word' id='word_1_255' title='bbox 1354 2603 1522 2670; x_wconf 83' lang='lat' dir='ltr'><strong>rerbomm</strong></span> <span class='ocrx_word' id='word_1_256' title='bbox 1545 2601 1677 2670; x_wconf 82' lang='lat' dir='ltr'><strong>Aeolica</strong></span> <span class='ocrx_word' id='word_1_257' title='bbox 1705 2603 1830 2697; x_wconf 81' lang='lat' dir='ltr'><strong>egregie</strong></span> <span class='ocrx_word' id='word_1_258' title='bbox 1854 2625 1929 2672; x_wconf 88' lang='lat' dir='ltr'><strong>con·</strong></span> 
     </span>
     <span class='ocr_line' id='line_1_22' title="bbox 176 2707 1931 2810; baseline -0.002 -23"><span class='ocrx_word' id='word_1_259' title='bbox 176 2719 296 2792; x_wconf 88' lang='lat' dir='ltr'><strong>cordat.</strong></span> <span class='ocrx_word' id='word_1_260' title='bbox 331 2717 566 2809; x_wconf 89' lang='lat' dir='ltr'><strong>Frequentasse</strong></span> <span class='ocrx_word' id='word_1_261' title='bbox 587 2736 657 2781; x_wconf 90' lang='lat' dir='ltr'><strong>cam</strong></span> <span class='ocrx_word' id='word_1_262' title='bbox 678 2713 845 2782; x_wconf 87' lang='lat' dir='ltr'><strong>dialectum</strong></span> <span class='ocrx_word' id='word_1_263' title='bbox 866 2707 1148 2809; x_wconf 64' lang='lat' dir='ltr'><strong>lormaspidenp&#39;or,</strong></span> <span class='ocrx_word' id='word_1_264' title='bbox 1171 2707 1452 2810; x_wconf 42' lang='lat' dir='ltr'><strong>nodrjorgxahiro,</strong></span> <span class='ocrx_word' id='word_1_265' title='bbox 1477 2728 1631 2780; x_wconf 89' lang='lat' dir='ltr'><strong>testantur</strong></span> <span class='ocrx_word' id='word_1_266' title='bbox 1646 2712 1849 2780; x_wconf 88' lang='lat' dir='ltr'><strong>Herodianus</strong></span> <span class='ocrx_word' id='word_1_267' title='bbox 1872 2742 1931 2784; x_wconf 81' lang='lat' dir='ltr'><strong>nc-</strong></span> 
     </span>
     <span class='ocr_line' id='line_1_23' title="bbox 175 2820 1928 2929; baseline 0 -37"><span class='ocrx_word' id='word_1_268' title='bbox 175 2835 211 2929; x_wconf 70' lang='lat' dir='ltr'><strong>pl</strong></span> <span class='ocrx_word' id='word_1_269' title='bbox 232 2825 405 2925; x_wconf 70' lang='grc' dir='ltr'><em>μονῆρους</em></span> <span class='ocrx_word' id='word_1_270' title='bbox 426 2828 548 2909; x_wconf 77' lang='grc' dir='ltr'><em>λέξεως</em></span> <span class='ocrx_word' id='word_1_271' title='bbox 570 2851 603 2919; x_wconf 93' lang='lat' dir='ltr'><strong>p.</strong></span> <span class='ocrx_word' id='word_1_272' title='bbox 620 2838 673 2901; x_wconf 72' lang='lat' dir='ltr'><strong>bt.</strong></span> <span class='ocrx_word' id='word_1_273' title='bbox 701 2823 808 2916; x_wconf 87' lang='lat' dir='ltr'><strong>Etyrn.</strong></span> <span class='ocrx_word' id='word_1_274' title='bbox 827 2821 878 2889; x_wconf 88' lang='lat' dir='ltr'><strong>M.</strong></span> <span class='ocrx_word' id='word_1_275' title='bbox 902 2848 935 2915; x_wconf 94' lang='lat' dir='ltr'><strong>p.</strong></span> <span class='ocrx_word' id='word_1_276' title='bbox 952 2829 1026 2904; x_wconf 75' lang='lat' dir='ltr'><strong>u85,</strong></span> <span class='ocrx_word' id='word_1_277' title='bbox 1044 2837 1096 2898; x_wconf 74' lang='lat' dir='ltr'><strong>tt.</strong></span> <span class='ocrx_word' id='word_1_278' title='bbox 1123 2820 1232 2913; x_wconf 86' lang='lat' dir='ltr'><strong>Etym.</strong></span> <span class='ocrx_word' id='word_1_279' title='bbox 1250 2821 1335 2890; x_wconf 89' lang='lat' dir='ltr'><strong>Gud.</strong></span> <span class='ocrx_word' id='word_1_280' title='bbox 1360 2849 1392 2916; x_wconf 90' lang='lat' dir='ltr'><strong>p.</strong></span> <span class='ocrx_word' id='word_1_281' title='bbox 1409 2837 1484 2906; x_wconf 69' lang='grc'><strong>11911,</strong></span> <span class='ocrx_word' id='word_1_282' title='bbox 1502 2837 1554 2903; x_wconf 77' lang='lat'><strong>37.</strong></span> <span class='ocrx_word' id='word_1_283' title='bbox 1600 2821 1726 2890; x_wconf 88' lang='lat' dir='ltr'><strong>Eadem</strong></span> <span class='ocrx_word' id='word_1_284' title='bbox 1751 2847 1846 2914; x_wconf 92' lang='lat' dir='ltr'><strong>quum</strong></span> <span class='ocrx_word' id='word_1_285' title='bbox 1870 2847 1928 2892; x_wconf 85' lang='lat' dir='ltr'><strong>an·</strong></span> 
     </span>
     <span class='ocr_line' id='line_1_24' title="bbox 177 2919 1928 3034; baseline -0.006 -24"><span class='ocrx_word' id='word_1_286' title='bbox 177 2942 298 3034; x_wconf 88' lang='lat' dir='ltr'><strong>tiquam</strong></span> <span class='ocrx_word' id='word_1_287' title='bbox 320 2936 488 3004; x_wconf 88' lang='lat' dir='ltr'><strong>verborum</strong></span> <span class='ocrx_word' id='word_1_288' title='bbox 508 2933 685 3016; x_wconf 80' lang='lat' dir='ltr'><strong>flexionem,</strong></span> <span class='ocrx_word' id='word_1_289' title='bbox 708 2930 895 3026; x_wconf 90' lang='lat' dir='ltr'><strong>copulativis</strong></span> <span class='ocrx_word' id='word_1_290' title='bbox 920 2931 1084 2998; x_wconf 87' lang='lat' dir='ltr'><strong>vocalibus</strong></span> <span class='ocrx_word' id='word_1_291' title='bbox 1110 2947 1280 3014; x_wconf 84' lang='lat' dir='ltr'><strong>carentem,</strong></span> <span class='ocrx_word' id='word_1_292' title='bbox 1303 2930 1487 3025; x_wconf 84' lang='lat' dir='ltr'><strong>praeferret,</strong></span> <span class='ocrx_word' id='word_1_293' title='bbox 1510 2931 1551 2999; x_wconf 91' lang='lat' dir='ltr'><strong>ah</strong></span> <span class='ocrx_word' id='word_1_294' title='bbox 1575 2919 1631 2999; x_wconf 85' lang='lat' dir='ltr'><strong>illa</strong></span> <span class='ocrx_word' id='word_1_295' title='bbox 1650 2932 1827 3026; x_wconf 90' lang='lat' dir='ltr'><strong>praesentis</strong></span> <span class='ocrx_word' id='word_1_296' title='bbox 1848 2948 1928 3000; x_wconf 85' lang='lat' dir='ltr'><strong>tem·</strong></span> 
     </span>
     <span class='ocr_line' id='line_1_25' title="bbox 175 3037 1930 3146; baseline -0.003 -28"><span class='ocrx_word' id='word_1_297' title='bbox 175 3037 264 3146; x_wconf 78' lang='lat' dir='ltr'><strong>poris</strong></span> <span class='ocrx_word' id='word_1_298' title='bbox 288 3046 391 3114; x_wconf 82' lang='lat' dir='ltr'><strong>[orma</strong></span> <span class='ocrx_word' id='word_1_299' title='bbox 414 3045 552 3138; x_wconf 89' lang='lat' dir='ltr'><strong>legitime</strong></span> <span class='ocrx_word' id='word_1_300' title='bbox 577 3043 719 3110; x_wconf 90' lang='lat' dir='ltr'><strong>derivata</strong></span> <span class='ocrx_word' id='word_1_301' title='bbox 743 3057 816 3108; x_wconf 90' lang='lat' dir='ltr'><strong>sunt</strong></span> <span class='ocrx_word' id='word_1_302' title='bbox 837 3039 1034 3140; x_wconf 69' lang='grc' dir='ltr'><em>φορήμεθα,</em></span> <span class='ocrx_word' id='word_1_303' title='bbox 1057 3065 1119 3134; x_wconf 87' lang='lat' dir='ltr'><strong>quo</strong></span> <span class='ocrx_word' id='word_1_304' title='bbox 1143 3040 1280 3109; x_wconf 84' lang='lat' dir='ltr'><strong>Alcaeus</strong></span> <span class='ocrx_word' id='word_1_305' title='bbox 1303 3042 1398 3109; x_wconf 88' lang='lat' dir='ltr'><strong>utitur</strong></span> <span class='ocrx_word' id='word_1_306' title='bbox 1421 3040 1536 3135; x_wconf 80' lang='lat' dir='ltr'><strong>fragm.</strong></span> <span class='ocrx_word' id='word_1_307' title='bbox 1552 3041 1592 3126; x_wconf 93' lang='lat' dir='ltr'><strong>Il,</strong></span> <span class='ocrx_word' id='word_1_308' title='bbox 1615 3039 1823 3139; x_wconf 83' lang='grc' dir='ltr'><em>φοβήμενος,</em></span> <span class='ocrx_word' id='word_1_309' title='bbox 1847 3043 1930 3112; x_wconf 79' lang='grc' dir='ltr'><em>ἕνα·</em></span> 
     </span>
     <span class='ocr_line' id='line_1_26' title="bbox 175 3147 1928 3260; baseline -0.005 -34"><span class='ocrx_word' id='word_1_310' title='bbox 175 3159 300 3260; x_wconf 74' lang='grc' dir='ltr'><strong>λήμην,</strong></span> <span class='ocrx_word' id='word_1_311' title='bbox 321 3153 482 3253; x_wconf 73' lang='grc' dir='ltr'><strong>ἕνοὴμφν,</strong></span> <span class='ocrx_word' id='word_1_312' title='bbox 505 3150 709 3251; x_wconf 61' lang='lat' dir='ltr'><strong>subripuerat,</strong></span> <span class='ocrx_word' id='word_1_313' title='bbox 731 3147 907 3250; x_wconf 71' lang='grc' dir='ltr'><strong>νσήμενος,</strong></span> <span class='ocrx_word' id='word_1_314' title='bbox 932 3151 1103 3219; x_wconf 85' lang='lat' dir='ltr'><strong>memoriae</strong></span> <span class='ocrx_word' id='word_1_315' title='bbox 1126 3151 1244 3220; x_wconf 85' lang='lat' dir='ltr'><strong>tradita</strong></span> <span class='ocrx_word' id='word_1_316' title='bbox 1265 3151 1306 3219; x_wconf 87' lang='lat' dir='ltr'><strong>ab</strong></span> <span class='ocrx_word' id='word_1_317' title='bbox 1321 3151 1429 3246; x_wconf 65' lang='lat' dir='ltr'><strong>thm.</strong></span> <span class='ocrx_word' id='word_1_318' title='bbox 1445 3151 1496 3219; x_wconf 89' lang='lat' dir='ltr'><strong>M.</strong></span> <span class='ocrx_word' id='word_1_319' title='bbox 1519 3177 1552 3245; x_wconf 94' lang='lat' dir='ltr'><strong>p.</strong></span> <span class='ocrx_word' id='word_1_320' title='bbox 1572 3159 1643 3236; x_wconf 72' lang='lat'><strong>¹82,</strong></span> <span class='ocrx_word' id='word_1_321' title='bbox 1663 3163 1716 3219; x_wconf 86' lang='grc'><strong>50.</strong></span> <span class='ocrx_word' id='word_1_322' title='bbox 1740 3168 1771 3219; x_wconf 88' lang='grc'><strong>11</strong></span> <span class='ocrx_word' id='word_1_323' title='bbox 1786 3151 1928 3218; x_wconf 88' lang='lat' dir='ltr'><strong>Phavor.</strong></span> 
     </span>
     <span class='ocr_line' id='line_1_27' title="bbox 176 3259 1929 3362; baseline -0.004 -24"><span class='ocrx_word' id='word_1_324' title='bbox 176 3271 291 3362; x_wconf 88' lang='lat' dir='ltr'><strong>Eclog.</strong></span> <span class='ocrx_word' id='word_1_325' title='bbox 319 3295 351 3362; x_wconf 92' lang='lat' dir='ltr'><strong>p.</strong></span> <span class='ocrx_word' id='word_1_326' title='bbox 374 3281 449 3334; x_wconf 77' lang='lat'><strong>313.</strong></span> <span class='ocrx_word' id='word_1_327' title='bbox 470 3264 586 3347; x_wconf 82' lang='lat' dir='ltr'><strong>Dind,</strong></span> <span class='ocrx_word' id='word_1_328' title='bbox 619 3263 797 3354; x_wconf 89' lang='lat' dir='ltr'><strong>similiaque</strong></span> <span class='ocrx_word' id='word_1_329' title='bbox 827 3287 864 3329; x_wconf 83' lang='lat' dir='ltr'><strong>ex</strong></span> <span class='ocrx_word' id='word_1_330' title='bbox 887 3261 948 3329; x_wconf 88' lang='lat' dir='ltr'><strong>hoc</strong></span> <span class='ocrx_word' id='word_1_331' title='bbox 970 3259 1058 3330; x_wconf 88' lang='lat' dir='ltr'><strong>fonte</strong></span> <span class='ocrx_word' id='word_1_332' title='bbox 1088 3262 1182 3328; x_wconf 89' lang='lat' dir='ltr'><strong>ducta</strong></span> <span class='ocrx_word' id='word_1_333' title='bbox 1203 3260 1296 3328; x_wconf 90' lang='lat' dir='ltr'><strong>Iones</strong></span> <span class='ocrx_word' id='word_1_334' title='bbox 1324 3263 1531 3345; x_wconf 88' lang='lat' dir='ltr'><strong>retinuemut,</strong></span> <span class='ocrx_word' id='word_1_335' title='bbox 1563 3277 1597 3328; x_wconf 89' lang='lat' dir='ltr'><strong>ut</strong></span> <span class='ocrx_word' id='word_1_336' title='bbox 1617 3261 1709 3327; x_wconf 87' lang='lat' dir='ltr'><strong>lnlin.</strong></span> <span class='ocrx_word' id='word_1_337' title='bbox 1736 3259 1929 3358; x_wconf 69' lang='grc' dir='ltr'><em>φιλήμεναι,</em></span> 
     </span>
     <span class='ocr_line' id='line_1_28' title="bbox 176 3367 1929 3478; baseline -0.004 -35"><span class='ocrx_word' id='word_1_338' title='bbox 176 3377 377 3478; x_wconf 67' lang='grc' dir='ltr'><strong>καλήμεναι,</strong></span> <span class='ocrx_word' id='word_1_339' title='bbox 400 3375 491 3459; x_wconf 89' lang='lat' dir='ltr'><strong>alios,</strong></span> <span class='ocrx_word' id='word_1_340' title='bbox 519 3371 638 3440; x_wconf 90' lang='lat' dir='ltr'><strong>Partic.</strong></span> <span class='ocrx_word' id='word_1_341' title='bbox 661 3369 857 3470; x_wconf 71' lang='grc' dir='ltr'><em>τιθήμενος,</em></span> <span class='ocrx_word' id='word_1_342' title='bbox 880 3369 1040 3469; x_wconf 78' lang='grc' dir='ltr'><strong>σῖἡμινος,</strong></span> <span class='ocrx_word' id='word_1_343' title='bbox 1063 3368 1259 3468; x_wconf 77' lang='grc' dir='ltr'><em>κιχήμενος,</em></span> <span class='ocrx_word' id='word_1_344' title='bbox 1282 3369 1449 3439; x_wconf 83' lang='lat' dir='ltr'><strong>flexionem</strong></span> <span class='ocrx_word' id='word_1_345' title='bbox 1471 3370 1559 3439; x_wconf 87' lang='lat' dir='ltr'><strong>verbi</strong></span> <span class='ocrx_word' id='word_1_346' title='bbox 1583 3376 1727 3466; x_wconf 76' lang='grc' dir='ltr'><strong>δίζημαι.</strong></span> <span class='ocrx_word' id='word_1_347' title='bbox 1772 3367 1929 3440; x_wconf 89' lang='lat' dir='ltr'><strong>Nostrum</strong></span> 
     </span>
     <span class='ocr_line' id='line_1_29' title="bbox 174 3478 1927 3589; baseline -0.009 -27"><span class='ocrx_word' id='word_1_348' title='bbox 174 3489 329 3589; x_wconf 76' lang='grc' dir='ltr'><em>δινῆντες</em></span> <span class='ocrx_word' id='word_1_349' title='bbox 350 3487 466 3580; x_wconf 90' lang='lat' dir='ltr'><strong>probat</strong></span> <span class='ocrx_word' id='word_1_350' title='bbox 488 3483 582 3552; x_wconf 88' lang='lat' dir='ltr'><strong>etiam</strong></span> <span class='ocrx_word' id='word_1_351' title='bbox 604 3482 777 3551; x_wconf 87' lang='lat' dir='ltr'><strong>Elmslcius</strong></span> <span class='ocrx_word' id='word_1_352' title='bbox 807 3483 848 3549; x_wconf 91' lang='lat' dir='ltr'><strong>ad</strong></span> <span class='ocrx_word' id='word_1_353' title='bbox 870 3480 1034 3574; x_wconf 91' lang='lat' dir='ltr'><strong>Aristoph.</strong></span> <span class='ocrx_word' id='word_1_354' title='bbox 1055 3481 1195 3550; x_wconf 90' lang='lat' dir='ltr'><strong>Acham.</strong></span> <span class='ocrx_word' id='word_1_355' title='bbox 1217 3495 1298 3565; x_wconf 71' lang='lat'><strong>922,</strong></span> <span class='ocrx_word' id='word_1_356' title='bbox 1331 3480 1397 3549; x_wconf 91' lang='lat' dir='ltr'><strong>iure</strong></span> <span class='ocrx_word' id='word_1_357' title='bbox 1425 3497 1534 3549; x_wconf 91' lang='lat' dir='ltr'><strong>tamen</strong></span> <span class='ocrx_word' id='word_1_358' title='bbox 1558 3481 1721 3563; x_wconf 67' lang='lat' dir='ltr'><strong>dubitans,</strong></span> <span class='ocrx_word' id='word_1_359' title='bbox 1757 3502 1799 3546; x_wconf 90' lang='lat' dir='ltr'><strong>an</strong></span> <span class='ocrx_word' id='word_1_360' title='bbox 1821 3478 1927 3570; x_wconf 92' lang='lat' dir='ltr'><strong>potius</strong></span> 
     </span>
     <span class='ocr_line' id='line_1_30' title="bbox 174 3588 1927 3696; baseline -0.011 -21"><span class='ocrx_word' id='word_1_361' title='bbox 174 3606 328 3696; x_wconf 74' lang='grc' dir='ltr'><em>δι’νηντες</em></span> <span class='ocrx_word' id='word_1_362' title='bbox 351 3595 553 3664; x_wconf 88' lang='lat' dir='ltr'><strong>scribendum</strong></span> <span class='ocrx_word' id='word_1_363' title='bbox 576 3593 626 3660; x_wconf 87' lang='lat' dir='ltr'><strong>sit.</strong></span> <span class='ocrx_word' id='word_1_364' title='bbox 670 3591 798 3660; x_wconf 89' lang='lat' dir='ltr'><strong>Deinde</strong></span> <span class='ocrx_word' id='word_1_365' title='bbox 821 3590 923 3660; x_wconf 92' lang='lat' dir='ltr'><strong>Aldus</strong></span> <span class='ocrx_word' id='word_1_366' title='bbox 946 3589 1035 3687; x_wconf 71' lang='grc' dir='ltr'><em>πτέρ’</em></span> <span class='ocrx_word' id='word_1_367' title='bbox 1058 3588 1113 3660; x_wconf 76' lang='lat' dir='ltr'><strong>oiu&#39;</strong></span> <span class='ocrx_word' id='word_1_368' title='bbox 1136 3588 1286 3686; x_wconf 76' lang='grc' dir='ltr'><em>ὠρανῶς</em></span> <span class='ocrx_word' id='word_1_369' title='bbox 1325 3593 1433 3686; x_wconf 72' lang='grc' dir='ltr'><em>θέρος</em></span> <span class='ocrx_word' id='word_1_370' title='bbox 1455 3589 1484 3663; x_wconf 79' lang='grc' dir='ltr'><strong>δ’</strong></span> <span class='ocrx_word' id='word_1_371' title='bbox 1502 3589 1611 3678; x_wconf 79' lang='grc' dir='ltr'><em>ἄμιος</em></span> <span class='ocrx_word' id='word_1_372' title='bbox 1632 3619 1701 3669; x_wconf 84' lang='lat' dir='ltr'><strong>nro,</strong></span> <span class='ocrx_word' id='word_1_373' title='bbox 1737 3589 1807 3656; x_wconf 90' lang='lat' dir='ltr'><strong>cod.</strong></span> <span class='ocrx_word' id='word_1_374' title='bbox 1831 3588 1927 3658; x_wconf 91' lang='lat' dir='ltr'><strong>Colh.</strong></span> 
     </span>
     <span class='ocr_line' id='line_1_31' title="bbox 173 3691 1928 3805; baseline -0.006 -28"><span class='ocrx_word' id='word_1_375' title='bbox 173 3708 263 3805; x_wconf 62' lang='grc' dir='ltr'><em>παρ’</em></span> <span class='ocrx_word' id='word_1_376' title='bbox 286 3706 340 3780; x_wconf 80' lang='lat' dir='ltr'><strong>oin&#39;</strong></span> <span class='ocrx_word' id='word_1_377' title='bbox 363 3703 489 3802; x_wconf 75' lang='grc' dir='ltr'><em>ώρανῶ</em></span> <span class='ocrx_word' id='word_1_378' title='bbox 511 3707 627 3800; x_wconf 67' lang='grc' dir='ltr'><em>θέρος,</em></span> <span class='ocrx_word' id='word_1_379' title='bbox 651 3725 783 3796; x_wconf 91' lang='lat' dir='ltr'><strong>quocum</strong></span> <span class='ocrx_word' id='word_1_380' title='bbox 807 3701 970 3794; x_wconf 88' lang='lat' dir='ltr'><strong>conspirat</strong></span> <span class='ocrx_word' id='word_1_381' title='bbox 991 3699 1075 3794; x_wconf 87' lang='lat' dir='ltr'><strong>Reg.</strong></span> <span class='ocrx_word' id='word_1_382' title='bbox 1095 3718 1133 3786; x_wconf 89' lang='grc'><strong>1.,</strong></span> <span class='ocrx_word' id='word_1_383' title='bbox 1156 3701 1219 3769; x_wconf 91' lang='lat' dir='ltr'><strong>nisi</strong></span> <span class='ocrx_word' id='word_1_384' title='bbox 1241 3701 1327 3795; x_wconf 90' lang='lat' dir='ltr'><strong>quod</strong></span> <span class='ocrx_word' id='word_1_385' title='bbox 1349 3702 1487 3796; x_wconf 75' lang='grc' dir='ltr'><em>ττιέραις</em></span> <span class='ocrx_word' id='word_1_386' title='bbox 1510 3699 1621 3783; x_wconf 91' lang='lat' dir='ltr'><strong>habet,</strong></span> <span class='ocrx_word' id='word_1_387' title='bbox 1646 3698 1715 3766; x_wconf 92' lang='lat' dir='ltr'><strong>cod.</strong></span> <span class='ocrx_word' id='word_1_388' title='bbox 1737 3691 1872 3766; x_wconf 84' lang='lat' dir='ltr'><strong>Monac.</strong></span> <span class='ocrx_word' id='word_1_389' title='bbox 1896 3714 1928 3767; x_wconf 86' lang='lat' dir='ltr'><strong>et</strong></span> 
     </span>
     <span class='ocr_line' id='line_1_32' title="bbox 174 3807 1927 3914; baseline -0.008 -25"><span class='ocrx_word' id='word_1_390' title='bbox 174 3845 286 3914; x_wconf 89' lang='lat' dir='ltr'><strong>margo</strong></span> <span class='ocrx_word' id='word_1_391' title='bbox 308 3817 448 3886; x_wconf 89' lang='lat' dir='ltr'><strong>Victorii</strong></span> <span class='ocrx_word' id='word_1_392' title='bbox 474 3813 565 3911; x_wconf 71' lang='grc' dir='ltr'><em>πτέρ’</em></span> <span class='ocrx_word' id='word_1_393' title='bbox 589 3810 643 3883; x_wconf 83' lang='lat' dir='ltr'><strong>oiu’</strong></span> <span class='ocrx_word' id='word_1_394' title='bbox 666 3810 807 3909; x_wconf 77' lang='grc' dir='ltr'><em>ου’ρανιὸ</em></span> <span class='ocrx_word' id='word_1_395' title='bbox 830 3807 976 3907; x_wconf 69' lang='grc' dir='ltr'><em>αἰθέρος</em></span> <span class='ocrx_word' id='word_1_396' title='bbox 998 3809 1054 3882; x_wconf 78' lang='grc' dir='ltr'><em>διοὶ</em></span> <span class='ocrx_word' id='word_1_397' title='bbox 1074 3815 1176 3901; x_wconf 78' lang='grc' dir='ltr'><em>μέσα.</em></span> <span class='ocrx_word' id='word_1_398' title='bbox 1222 3809 1289 3900; x_wconf 80' lang='lat' dir='ltr'><strong>Qui</strong></span> <span class='ocrx_word' id='word_1_399' title='bbox 1312 3810 1472 3904; x_wconf 88' lang='lat' dir='ltr'><strong>superiore</strong></span> <span class='ocrx_word' id='word_1_400' title='bbox 1495 3813 1594 3875; x_wconf 86' lang='lat' dir='ltr'><strong>versu</strong></span> <span class='ocrx_word' id='word_1_401' title='bbox 1610 3811 1781 3907; x_wconf 70' lang='grc' dir='ltr'><em>πτέρυγας</em></span> <span class='ocrx_word' id='word_1_402' title='bbox 1803 3833 1927 3876; x_wconf 87' lang='lat' dir='ltr'><strong>assum·</strong></span> 
     </span>
     <span class='ocr_line' id='line_1_33' title="bbox 173 3917 1925 4026; baseline -0.007 -28"><span class='ocrx_word' id='word_1_403' title='bbox 173 3945 314 4026; x_wconf 83' lang='lat' dir='ltr'><strong>pserant,</strong></span> <span class='ocrx_word' id='word_1_404' title='bbox 337 3925 488 3994; x_wconf 89' lang='lat' dir='ltr'><strong>hocloco</strong></span> <span class='ocrx_word' id='word_1_405' title='bbox 511 3941 544 3991; x_wconf 92' lang='lat' dir='ltr'><strong>ut</strong></span> <span class='ocrx_word' id='word_1_406' title='bbox 567 3940 677 4016; x_wconf 89' lang='lat' dir='ltr'><strong>posset</strong></span> <span class='ocrx_word' id='word_1_407' title='bbox 699 3918 807 4020; x_wconf 72' lang='lat' dir='ltr'><strong>strepui</strong></span> <span class='ocrx_word' id='word_1_408' title='bbox 829 3922 946 4004; x_wconf 89' lang='lat' dir='ltr'><strong>omitti,</strong></span> <span class='ocrx_word' id='word_1_409' title='bbox 970 3924 1142 4002; x_wconf 79' lang='grc' dir='ltr'><em>δινὲονττς</em></span> <span class='ocrx_word' id='word_1_410' title='bbox 1164 3921 1374 4015; x_wconf 82' lang='lat' dir='ltr'><strong>seripserunt:</strong></span> <span class='ocrx_word' id='word_1_411' title='bbox 1396 3917 1544 3988; x_wconf 87' lang='lat' dir='ltr'><strong>Wollius</strong></span> <span class='ocrx_word' id='word_1_412' title='bbox 1573 3934 1679 3986; x_wconf 90' lang='lat' dir='ltr'><strong>tamen</strong></span> <span class='ocrx_word' id='word_1_413' title='bbox 1703 3936 1734 3986; x_wconf 92' lang='lat' dir='ltr'><strong>et</strong></span> <span class='ocrx_word' id='word_1_414' title='bbox 1755 3919 1925 3988; x_wconf 89' lang='lat' dir='ltr'><strong>Fischerus</strong></span> 
     </span>
     <span class='ocr_line' id='line_1_34' title="bbox 174 4023 2022 4134; baseline -0.007 -25"><span class='ocrx_word' id='word_1_415' title='bbox 174 4039 268 4109; x_wconf 87' lang='lat' dir='ltr'><strong>sinml</strong></span> <span class='ocrx_word' id='word_1_416' title='bbox 290 4040 459 4134; x_wconf 74' lang='grc' dir='ltr'><em>πτέρυγας</em></span> <span class='ocrx_word' id='word_1_417' title='bbox 481 4049 512 4102; x_wconf 86' lang='grc'><strong>11</strong></span> <span class='ocrx_word' id='word_1_418' title='bbox 533 4030 639 4130; x_wconf 65' lang='lat' dir='ltr'><strong>ntegro?</strong></span> <span class='ocrx_word' id='word_1_419' title='bbox 662 4034 844 4102; x_wconf 90' lang='lat' dir='ltr'><strong>tolerarunt.</strong></span> <span class='ocrx_word' id='word_1_420' title='bbox 888 4031 926 4098; x_wconf 91' lang='lat' dir='ltr'><strong>In</strong></span> <span class='ocrx_word' id='word_1_421' title='bbox 948 4030 1100 4126; x_wconf 82' lang='lat' dir='ltr'><strong>proximis</strong></span> <span class='ocrx_word' id='word_1_422' title='bbox 1125 4031 1256 4099; x_wconf 89' lang='lat' dir='ltr'><strong>timebat</strong></span> <span class='ocrx_word' id='word_1_423' title='bbox 1278 4028 1504 4112; x_wconf 84' lang='lat' dir='ltr'><strong>Blomsreldus,</strong></span> <span class='ocrx_word' id='word_1_424' title='bbox 1528 4023 1562 4096; x_wconf 90' lang='lat' dir='ltr'><strong>ut</strong></span> <span class='ocrx_word' id='word_1_425' title='bbox 1584 4025 1711 4126; x_wconf 78' lang='lat' dir='ltr'><strong>co&#39;poeroi</strong></span> <span class='ocrx_word' id='word_1_426' title='bbox 1734 4029 1819 4124; x_wconf 86' lang='lat' dir='ltr'><strong>apud</strong></span> <span class='ocrx_word' id='word_1_427' title='bbox 1841 4030 1925 4097; x_wconf 89' lang='lat' dir='ltr'><strong>Aeo·</strong></span> <span class='ocrx_word' id='word_1_428' title='bbox 2017 4024 2022 4034; x_wconf 38' lang='lat'>⁸</span> 
     </span>
    </p>
   </div>
   <div class='ocr_carea' id='block_1_3' title="bbox 173 4135 1996 4903">
    <p class='ocr_par' dir='ltr' id='par_1_3' title="bbox 173 4135 1996 4903">
     <span class='ocr_line' id='line_1_35' title="bbox 173 4135 1925 4243; baseline -0.009 -23"><span class='ocrx_word' id='word_1_429' title='bbox 173 4151 250 4220; x_wconf 88' lang='lat' dir='ltr'><strong>liam</strong></span> <span class='ocrx_word' id='word_1_430' title='bbox 273 4146 429 4243; x_wconf 82' lang='lat' dir='ltr'><strong>poetrianr</strong></span> <span class='ocrx_word' id='word_1_431' title='bbox 451 4143 526 4211; x_wconf 84' lang='lat' dir='ltr'><strong>ferri</strong></span> <span class='ocrx_word' id='word_1_432' title='bbox 547 4159 672 4236; x_wconf 90' lang='lat' dir='ltr'><strong>posset,</strong></span> <span class='ocrx_word' id='word_1_433' title='bbox 707 4169 802 4238; x_wconf 90' lang='lat' dir='ltr'><strong>quum</strong></span> <span class='ocrx_word' id='word_1_434' title='bbox 825 4157 855 4210; x_wconf 91' lang='lat' dir='ltr'><strong>et</strong></span> <span class='ocrx_word' id='word_1_435' title='bbox 878 4142 949 4237; x_wconf 87' lang='lat' dir='ltr'><strong>ipsa</strong></span> <span class='ocrx_word' id='word_1_436' title='bbox 972 4157 1003 4208; x_wconf 91' lang='lat' dir='ltr'><strong>et</strong></span> <span class='ocrx_word' id='word_1_437' title='bbox 1024 4139 1162 4209; x_wconf 86' lang='lat' dir='ltr'><strong>Alcaeus</strong></span> <span class='ocrx_word' id='word_1_438' title='bbox 1185 4135 1316 4236; x_wconf 82' lang='grc' dir='ltr'><em>ὀρανδς</em></span> <span class='ocrx_word' id='word_1_439' title='bbox 1337 4137 1441 4232; x_wconf 90' lang='lat' dir='ltr'><strong>potius</strong></span> <span class='ocrx_word' id='word_1_440' title='bbox 1467 4137 1634 4208; x_wconf 85' lang='lat' dir='ltr'><strong>dixissent:</strong></span> <span class='ocrx_word' id='word_1_441' title='bbox 1671 4164 1734 4232; x_wconf 93' lang='lat' dir='ltr'><strong>qua</strong></span> <span class='ocrx_word' id='word_1_442' title='bbox 1755 4166 1788 4208; x_wconf 90' lang='lat' dir='ltr'><strong>re</strong></span> <span class='ocrx_word' id='word_1_443' title='bbox 1811 4156 1925 4222; x_wconf 87' lang='lat' dir='ltr'><strong>motus,</strong></span> 
     </span>
     <span class='ocr_line' id='line_1_36' title="bbox 173 4247 1925 4350; baseline -0.008 -22"><span class='ocrx_word' id='word_1_444' title='bbox 173 4277 207 4330; x_wconf 89' lang='lat' dir='ltr'><strong>ut</strong></span> <span class='ocrx_word' id='word_1_445' title='bbox 230 4260 362 4341; x_wconf 82' lang='lat' dir='ltr'><strong>videtur,</strong></span> <span class='ocrx_word' id='word_1_446' title='bbox 386 4256 589 4322; x_wconf 89' lang='lat' dir='ltr'><strong>Hermannus</strong></span> <span class='ocrx_word' id='word_1_447' title='bbox 610 4251 720 4321; x_wconf 89' lang='lat' dir='ltr'><strong>maluit</strong></span> <span class='ocrx_word' id='word_1_448' title='bbox 741 4251 797 4323; x_wconf 72' lang='grc' dir='ltr'><strong>ἀπ’</strong></span> <span class='ocrx_word' id='word_1_449' title='bbox 820 4249 964 4350; x_wconf 70' lang='grc' dir='ltr'><em>ὁῤῥιίνιο</em></span> <span class='ocrx_word' id='word_1_450' title='bbox 984 4251 1134 4330; x_wconf 85' lang='lat' dir='ltr'><strong>seribere.</strong></span> <span class='ocrx_word' id='word_1_451' title='bbox 1179 4251 1312 4317; x_wconf 84' lang='lat' dir='ltr'><strong>Inonem</strong></span> <span class='ocrx_word' id='word_1_452' title='bbox 1336 4247 1562 4317; x_wconf 89' lang='lat' dir='ltr'><strong>dubitationem</strong></span> <span class='ocrx_word' id='word_1_453' title='bbox 1586 4275 1676 4318; x_wconf 91' lang='lat' dir='ltr'><strong>suam</strong></span> <span class='ocrx_word' id='word_1_454' title='bbox 1699 4249 1796 4318; x_wconf 80' lang='lat' dir='ltr'><strong>brisso</strong></span> <span class='ocrx_word' id='word_1_455' title='bbox 1812 4249 1925 4316; x_wconf 93' lang='lat' dir='ltr'><strong>Blom·</strong></span> 
     </span>
     <span class='ocr_line' id='line_1_37' title="bbox 176 4353 1925 4458; baseline -0.009 -20"><span class='ocrx_word' id='word_1_456' title='bbox 176 4367 290 4438; x_wconf 89' lang='lat' dir='ltr'><strong>lieldus</strong></span> <span class='ocrx_word' id='word_1_457' title='bbox 314 4365 477 4448; x_wconf 79' lang='lat' dir='ltr'><strong>intellexit,</strong></span> <span class='ocrx_word' id='word_1_458' title='bbox 501 4361 627 4455; x_wconf 90' lang='lat' dir='ltr'><strong>cognito</strong></span> <span class='ocrx_word' id='word_1_459' title='bbox 650 4363 759 4431; x_wconf 90' lang='lat' dir='ltr'><strong>Alcaei</strong></span> <span class='ocrx_word' id='word_1_460' title='bbox 782 4388 884 4446; x_wconf 88' lang='lat' dir='ltr'><strong>versu,</strong></span> <span class='ocrx_word' id='word_1_461' title='bbox 909 4388 1002 4456; x_wconf 87' lang='lat' dir='ltr'><strong>quern</strong></span> <span class='ocrx_word' id='word_1_462' title='bbox 1026 4377 1134 4428; x_wconf 89' lang='lat' dir='ltr'><strong>servat</strong></span> <span class='ocrx_word' id='word_1_463' title='bbox 1148 4359 1299 4453; x_wconf 91' lang='lat' dir='ltr'><strong>Apollon.</strong></span> <span class='ocrx_word' id='word_1_464' title='bbox 1316 4359 1354 4426; x_wconf 88' lang='lat' dir='ltr'><strong>de</strong></span> <span class='ocrx_word' id='word_1_465' title='bbox 1369 4357 1509 4427; x_wconf 87' lang='lat' dir='ltr'><strong>Adverh.</strong></span> <span class='ocrx_word' id='word_1_466' title='bbox 1530 4385 1562 4453; x_wconf 95' lang='lat' dir='ltr'><strong>p.</strong></span> <span class='ocrx_word' id='word_1_467' title='bbox 1578 4359 1654 4428; x_wconf 84' lang='grc'><strong>610.</strong></span> <span class='ocrx_word' id='word_1_468' title='bbox 1683 4359 1784 4458; x_wconf 47' lang='grc' dir='ltr'><strong>ἱ1111111</strong></span> <span class='ocrx_word' id='word_1_469' title='bbox 1801 4353 1925 4450; x_wconf 89' lang='lat' dir='ltr'><strong>Sapph.</strong></span> 
     </span>
     <span class='ocr_line' id='line_1_38' title="bbox 173 4451 1924 4572; baseline -0.009 -25"><span class='ocrx_word' id='word_1_470' title='bbox 173 4478 289 4572; x_wconf 78' lang='lat' dir='ltr'><strong>fragm.</strong></span> <span class='ocrx_word' id='word_1_471' title='bbox 304 4475 362 4544; x_wconf 84' lang='grc' dir='ltr'><strong>[Χ.</strong></span> <span class='ocrx_word' id='word_1_472' title='bbox 386 4501 456 4543; x_wconf 91' lang='lat' dir='ltr'><strong>cum</strong></span> <span class='ocrx_word' id='word_1_473' title='bbox 478 4471 699 4540; x_wconf 89' lang='lat' dir='ltr'><strong>observatione</strong></span> <span class='ocrx_word' id='word_1_474' title='bbox 716 4471 904 4540; x_wconf 90' lang='lat' dir='ltr'><strong>Herodiani.</strong></span> <span class='ocrx_word' id='word_1_475' title='bbox 938 4451 1028 4542; x_wconf 84' lang='lat' dir='ltr'><strong>lde&#39;m</strong></span> <span class='ocrx_word' id='word_1_476' title='bbox 1042 4468 1262 4554; x_wconf 88' lang='lat' dir='ltr'><strong>Blomlieldns,</strong></span> <span class='ocrx_word' id='word_1_477' title='bbox 1287 4468 1370 4536; x_wconf 89' lang='lat' dir='ltr'><strong>crasi</strong></span> <span class='ocrx_word' id='word_1_478' title='bbox 1392 4470 1548 4538; x_wconf 88' lang='lat' dir='ltr'><strong>vocalium</strong></span> <span class='ocrx_word' id='word_1_479' title='bbox 1561 4474 1599 4538; x_wconf 64' lang='lat' dir='ltr'><strong>ft</strong></span> <span class='ocrx_word' id='word_1_480' title='bbox 1618 4485 1657 4541; x_wconf 79' lang='grc' dir='ltr'><strong>τῖῑ</strong></span> <span class='ocrx_word' id='word_1_481' title='bbox 1677 4469 1830 4550; x_wconf 86' lang='lat' dir='ltr'><strong>oll&#39;ensus,</strong></span> <span class='ocrx_word' id='word_1_482' title='bbox 1853 4490 1924 4533; x_wconf 92' lang='lat' dir='ltr'><strong>cor-</strong></span> 
     </span>
     <span class='ocr_line' id='line_1_39' title="bbox 174 4567 1996 4681; baseline -0.007 -25"><span class='ocrx_word' id='word_1_483' title='bbox 174 4589 298 4681; x_wconf 87' lang='lat' dir='ltr'><strong>rigebat</strong></span> <span class='ocrx_word' id='word_1_484' title='bbox 318 4589 443 4681; x_wconf 74' lang='grc' dir='ltr'><em>θέρεος</em></span> <span class='ocrx_word' id='word_1_485' title='bbox 464 4590 522 4654; x_wconf 62' lang='grc' dir='ltr'><strong>δία</strong></span> <span class='ocrx_word' id='word_1_486' title='bbox 542 4585 665 4672; x_wconf 73' lang='grc' dir='ltr'><em>μέσσω,</em></span> <span class='ocrx_word' id='word_1_487' title='bbox 687 4608 745 4650; x_wconf 89' lang='lat' dir='ltr'><strong>nce</strong></span> <span class='ocrx_word' id='word_1_488' title='bbox 760 4597 866 4649; x_wconf 87' lang='lat' dir='ltr'><strong>tamen</strong></span> <span class='ocrx_word' id='word_1_489' title='bbox 881 4580 1047 4650; x_wconf 87' lang='lat' dir='ltr'><strong>lectionem</strong></span> <span class='ocrx_word' id='word_1_490' title='bbox 1062 4603 1133 4648; x_wconf 87' lang='lat' dir='ltr'><strong>eam</strong></span> <span class='ocrx_word' id='word_1_491' title='bbox 1154 4578 1195 4647; x_wconf 88' lang='lat' dir='ltr'><strong>ah</strong></span> <span class='ocrx_word' id='word_1_492' title='bbox 1212 4578 1390 4647; x_wconf 90' lang='lat' dir='ltr'><strong>Hermanni</strong></span> <span class='ocrx_word' id='word_1_493' title='bbox 1404 4577 1650 4673; x_wconf 89' lang='lat' dir='ltr'><strong>reprehensione</strong></span> <span class='ocrx_word' id='word_1_494' title='bbox 1672 4577 1831 4646; x_wconf 85' lang='lat' dir='ltr'><strong>vindicare</strong></span> <span class='ocrx_word' id='word_1_495' title='bbox 1853 4600 1924 4644; x_wconf 88' lang='lat' dir='ltr'><strong>sos·</strong></span> <span class='ocrx_word' id='word_1_496' title='bbox 1988 4567 1996 4588; x_wconf 59' lang='lat'>⁸</span> 
     </span>
     <span class='ocr_line' id='line_1_40' title="bbox 175 4687 1923 4786; baseline -0.007 -19"><span class='ocrx_word' id='word_1_497' title='bbox 175 4698 275 4768; x_wconf 88' lang='lat' dir='ltr'><strong>tinuit.</strong></span> <span class='ocrx_word' id='word_1_498' title='bbox 318 4695 382 4764; x_wconf 92' lang='lat' dir='ltr'><strong>Vs.</strong></span> <span class='ocrx_word' id='word_1_499' title='bbox 404 4711 453 4761; x_wconf 79' lang='grc'><strong>13.</strong></span> <span class='ocrx_word' id='word_1_500' title='bbox 477 4693 580 4762; x_wconf 90' lang='lat' dir='ltr'><strong>Aldus</strong></span> <span class='ocrx_word' id='word_1_501' title='bbox 603 4689 679 4785; x_wconf 77' lang='grc' dir='ltr'><em>αἶψ’</em></span> <span class='ocrx_word' id='word_1_502' title='bbox 697 4689 785 4774; x_wconf 75' lang='grc' dir='ltr'><strong>ἀλλ’,</strong></span> <span class='ocrx_word' id='word_1_503' title='bbox 815 4691 900 4785; x_wconf 91' lang='lat' dir='ltr'><strong>quod</strong></span> <span class='ocrx_word' id='word_1_504' title='bbox 923 4689 1115 4786; x_wconf 86' lang='lat' dir='ltr'><strong>repetienmt</strong></span> <span class='ocrx_word' id='word_1_505' title='bbox 1136 4690 1179 4757; x_wconf 87' lang='lat' dir='ltr'><strong>1s.</strong></span> <span class='ocrx_word' id='word_1_506' title='bbox 1202 4687 1342 4759; x_wconf 82' lang='lat' dir='ltr'><strong>Vossius</strong></span> <span class='ocrx_word' id='word_1_507' title='bbox 1366 4705 1397 4758; x_wconf 90' lang='lat' dir='ltr'><strong>et</strong></span> <span class='ocrx_word' id='word_1_508' title='bbox 1423 4687 1618 4773; x_wconf 83' lang='lat' dir='ltr'><strong>Brunclrius,</strong></span> <span class='ocrx_word' id='word_1_509' title='bbox 1655 4703 1826 4783; x_wconf 91' lang='lat' dir='ltr'><strong>postquam</strong></span> <span class='ocrx_word' id='word_1_510' title='bbox 1851 4688 1923 4756; x_wconf 62' lang='lat' dir='ltr'><strong>stes</strong></span> 
     </span>
     <span class='ocr_line' id='line_1_41' title="bbox 174 4794 1923 4903; baseline -0.007 -27"><span class='ocrx_word' id='word_1_511' title='bbox 174 4807 299 4903; x_wconf 84' lang='lat' dir='ltr'><strong>phanus</strong></span> <span class='ocrx_word' id='word_1_512' title='bbox 329 4821 360 4874; x_wconf 87' lang='lat' dir='ltr'><strong>et</strong></span> <span class='ocrx_word' id='word_1_513' title='bbox 381 4804 521 4874; x_wconf 87' lang='lat' dir='ltr'><strong>Ursinus</strong></span> <span class='ocrx_word' id='word_1_514' title='bbox 551 4819 767 4888; x_wconf 77' lang='lat' dir='ltr'><strong>correxerant,</strong></span> <span class='ocrx_word' id='word_1_515' title='bbox 798 4801 843 4870; x_wconf 91' lang='lat' dir='ltr'><strong>uti</strong></span> <span class='ocrx_word' id='word_1_516' title='bbox 865 4800 991 4871; x_wconf 84' lang='lat' dir='ltr'><strong>exhibet</strong></span> <span class='ocrx_word' id='word_1_517' title='bbox 1013 4800 1165 4897; x_wconf 86' lang='lat' dir='ltr'><strong>scriptum</strong></span> <span class='ocrx_word' id='word_1_518' title='bbox 1187 4823 1298 4894; x_wconf 89' lang='lat' dir='ltr'><strong>margo</strong></span> <span class='ocrx_word' id='word_1_519' title='bbox 1321 4797 1473 4883; x_wconf 85' lang='lat' dir='ltr'><strong>Victorii,</strong></span> <span class='ocrx_word' id='word_1_520' title='bbox 1503 4797 1596 4891; x_wconf 69' lang='grc' dir='ltr'><em>αἶψα</em></span> <span class='ocrx_word' id='word_1_521' title='bbox 1618 4794 1659 4869; x_wconf 87' lang='grc' dir='ltr'><strong>δ’.</strong></span> <span class='ocrx_word' id='word_1_522' title='bbox 1703 4795 1741 4865; x_wconf 87' lang='lat' dir='ltr'><strong>ln</strong></span> <span class='ocrx_word' id='word_1_523' title='bbox 1763 4795 1923 4893; x_wconf 88' lang='lat' dir='ltr'><strong>plerisque</strong></span> 
     </span>
    </p>
   </div>
   <div class='ocr_carea' id='block_1_4' title="bbox 0 0 2126 5300">
    <p class='ocr_par' dir='ltr' id='par_1_4' title="bbox 0 0 2126 5300">
     <span class='ocr_line' id='line_1_42' title="bbox 0 0 2126 5300; baseline 0 1"><span class='ocrx_word' id='word_1_524' title='bbox 0 0 2126 5300; x_wconf 95' lang='lat' dir='ltr'><strong> </strong></span> 
     </span>
    </p>
   </div>
  </div>
 </body>
</html>
