4274 5290
1033 264 1187 392 σοΙ

188 488 285 559 dictio
306 487 430 570 νυκτός
453 489 571 587 ἄοορον
594 514 665 558 cum
686 487 751 574 his,
786 511 866 582 quae
893 488 926 556 in
954 504 1058 557 uetere
1081 486 1200 558 chico
1227 487 1260 557 in
1281 487 1420 557 Belrlreri
1441 489 1586 559 Anecdd.
1602 490 1662 559 Gr.
1677 513 1710 585 p.
1722 491 1796 572 b76.
1812 514 1932 558 memu-

179 597 458 696 rantur-ridges
478 603 547 670 ruia
567 599 701 670 νυκτῶν
725 613 757 667 et
779 595 906 694 ἇοέρισν
932 596 1075 694 νύκτωρ,
1102 599 1205 693 possit
1227 598 1416 692 comparari.
1461 597 1571 687 Quum
1593 624 1668 667 vero
1691 599 1801 668 Lexici
1823 600 1931 692 Augu-

184 709 270 777 stani
302 725 335 777 et
363 706 577 802 Etymologici
604 707 719 800 Magni
747 724 890 777 auctores
920 729 986 774 non
1008 707 1087 802 ipsis
1116 723 1256 776 veterum
1278 708 1466 800 scriptorum
1488 707 1593 793 libris,
1627 709 1684 776 sed
1706 709 1820 778 iisdem
1842 724 1931 777 retu·

184 819 320 886 stiorum
347 817 624 911 grammaticorum
652 817 807 910 excerptis
836 839 911 883 usos
943 841 1014 885 esse
1046 832 1166 910 pateat,
1201 815 1370 884 verborum
1397 816 1521 896 νυκτὸς
1544 818 1661 914 ἄωρον
1680 845 1746 888 non
1768 841 1934 888 censemus

185 925 284 996 aliam
305 927 340 996 in
362 925 546 1020 Sapphonis
570 925 659 993 libris
683 925 792 993 sedem
814 924 922 1009 luisse,
951 924 1008 993 sed
1030 950 1048 994 e
1069 926 1189 993 nostris
1211 923 1285 1018 χύτ’
1308 923 1423 1024 οἷσσρος
1441 926 1575 1020 proclivi
1597 926 1803 996 describentis
1827 951 1933 996 errore

185 1052 281 1104 enata
302 1059 384 1104 esse.
429 1035 497 1104 Sed
518 1034 632 1130 ἄωρος
655 1034 695 1103 ab
717 1032 795 1131 ιὸρᾳ
817 1035 922 1131 potius
947 1059 989 1102 an
1012 1034 1052 1104 ab
1075 1034 1151 1130 ὥρᾳ
1168 1035 1342 1104 derivatrrm
1360 1035 1410 1121 sit,
1433 1053 1555 1104 veteres
1577 1035 1748 1121 dubitasse,
1771 1061 1810 1103 ex
1823 1035 1933 1129 Etym.

186 1143 237 1215 Μ.
255 1144 463 1238 cognoscitur.
510 1143 610 1233 Quod
632 1145 717 1214 euim
739 1145 962 1237 grammaticus
986 1170 1024 1213 ex
1046 1144 1189 1213 eiusdem
1212 1143 1450 1237 significationis
1473 1144 1628 1223 vocabulo
1651 1139 1738 1240 οὖρος
1759 1141 1805 1213 ait
1827 1159 1930 1212 ortum

185 1251 312 1340 habere,
335 1253 378 1322 ad
399 1253 461 1322 huc
481 1253 587 1347 ipsum
609 1247 697 1350 οὖρος
719 1253 872 1322 tueudmn
894 1253 974 1322 nihil
997 1252 1130 1322 eflicitur
1150 1277 1244 1322 versu
1267 1252 1466 1338 Callimachi,
1489 1254 1544 1323 ubi
1564 1253 1799 1322 llemsterhusii
1822 1277 1929 1321 ernen-

187 1362 290 1447 datio,
327 1360 425 1459 ἤλασ
452 1362 572 1458 αἰσρσν
599 1363 783 1448 scribentis,
819 1361 946 1432 molesti
968 1361 1072 1432 hiatus
1096 1363 1217 1431 vitandi
1233 1386 1353 1436 caussa
1375 1363 1555 1432 necessaria
1576 1379 1636 1432 est.
1684 1364 1732 1432 Ac
1755 1361 1931 1430 diffidimus

186 1470 382 1566 aliquantum
405 1471 557 1564 Hesychii
581 1471 712 1564 glossis:
730 1470 870 1569 Ἀορσς,
893 1473 1039 1552 ἄϋπνος·
1063 1477 1306 1570 Μηθυμναῖοι.
1346 1467 1471 1569 Ὦρος,
1492 1501 1514 1568 η
1534 1471 1605 1558 vulg,
1628 1469 1652 1564 ἢ
1676 1469 1745 1543 σέπό
1767 1468 1935 1544 ιᾶκεανοῦ.
2001 1477 2007 1492 “

186 1577 275 1650 Nam
304 1580 392 1676 prior
418 1581 451 1648 in
478 1578 561 1648 hanc
582 1578 720 1648 sormam
750 1579 888 1649 sortasse
917 1581 1105 1674 corrigaturr
1138 1579 1292 1677 ”Ασορσς,
1318 1581 1475 1669 ὁῦπνος,
1507 1579 1607 1650 altera
1631 1581 1658 1648 si
1680 1581 1722 1649 ad
1746 1577 1935 1650 Callimachi

186 1690 272 1758 istud
298 1688 511 1782 fragmentum
541 1689 607 1756 iure
631 1689 671 1757 ah
699 1689 741 1756 ls.
757 1687 882 1758 Vossio
904 1687 1006 1756 relata
1029 1703 1087 1773 est,
1116 1705 1148 1757 et
1168 1689 1241 1784 ipsa
1262 1707 1348 1759 caret
1370 1690 1586 1758 fundamento.
1633 1689 1671 1760 Si
1693 1711 1768 1758 vero
1790 1704 1935 1757 nostrum

185 1799 375 1868 vocabulum
407 1799 448 1866 ab
475 1798 553 1894 ὥρᾳ
576 1797 772 1881 deducimus,
806 1798 849 1867 ad
881 1794 1066 1890 Sapphonis
1093 1823 1219 1864 versum
1248 1796 1471 1868 illustrandum
1494 1799 1589 1892 plane
1613 1798 1737 1875 sufficit,
1750 1796 1936 1892 significatio

185 1909 299 1992 noctis,
322 1908 361 1976 de
377 1907 539 1975 vocabulis
555 1907 667 2002 οἱαρία
689 1922 720 1974 et
734 1903 864 2002 σέοὖρισν
887 1921 1011 1989 testata,
1035 1905 1160 1974 etiamsi
1183 1929 1248 1973 nun
1262 1905 1410 1979 tenebrae
1435 1923 1617 1994 nocturnae,
1642 1909 1699 1976 sed
1715 1908 1830 2000 caligo,
1855 1929 1936 2000 quae

186 2015 473 2086 somniculosomm
502 2015 601 2085 oculis
629 2014 813 2099 offimditur,
847 2013 1016 2106 cogitanda
1038 2028 1098 2098 est,
1125 2015 1206 2083 sicut
1227 2015 1314 2110 apud
1336 2014 1515 2084 Homerum
1536 2015 1587 2101 iis,
1615 2015 1670 2109 qui
1691 2015 1778 2084 letali
1801 2015 1932 2086 vrdnere

185 2125 240 2194 icti
262 2141 345 2209 sunt,
379 2124 456 2196 ὄσσε
477 2117 619 2222 νελαινή
648 2122 711 2210 νέξ
745 2122 923 2215 ἐκάλυψεν
944 2121 996 2190 vel
1018 2123 1094 2195 ὄσσε
1125 2121 1188 2208 mi}
1219 2121 1374 2217 ἐκάλυψε
1402 2126 1568 2212 μέλαινα)
1607 2123 1659 2192 vcl
1690 2123 1828 2218 aliquem
1860 2121 1936 2194 κατ’

185 2232 384 2331 ὀφθαλμῶν
405 2232 574 2332 ἐρεβεννῇ
593 2231 656 2318 nte
676 2231 860 2326 ἐκάλυψεν.
896 2231 946 2301 Αο
967 2231 1062 2302 simul
1085 2249 1227 2327 apparet,
1251 2257 1306 2302 cur
1328 2233 1524 2328 grammatici
1548 2249 1579 2303 et
1600 2232 1661 2303 hoc
1682 2258 1777 2302 versu
1801 2249 1833 2301 et
1846 2231 1935 2326 apud
2031 2227 2036 2236 ’

189 2342 425 2416 Callimachum
451 2345 491 2412 de
519 2367 632 2412 somno
662 2343 803 2439 positum
824 2342 1107 2412 nomendixen'nt.
1152 2343 1226 2438 Ipse
1254 2367 1383 2411 somnus
1412 2367 1479 2411 non
1500 2341 1594 2412 facile
1616 2346 1726 2435 μέλας
1748 2340 1931 2439 appellatus

186 2449 291 2538 buerit,
324 2477 426 2548 neque
455 2477 572 2522 nomen
594 2453 708 2550 ἄωρος
733 2453 890 2522 credimus
924 2473 946 2518 a
973 2451 1151 2546 significatu
1179 2452 1280 2522 securi
1307 2454 1341 2522 in
1367 2451 1471 2523 locum
1498 2453 1685 2522 substantivi
1712 2468 1744 2522 et
1770 2452 1934 2520 notionem

107 2621 110 2627 .
188 2563 294 2632 somni
320 2563 494 2632 transiisse.
547 2562 633 2632 Hinc
654 2587 780 2632 versum
803 2562 849 2632 sic
870 2562 1131 2657 interpretamurr
1180 2555 1300 2632 ΟσυΙίε
1325 2585 1404 2634 aero
1429 2573 1510 2630 atra
1532 2561 1655 2657 ‹ussusa
1676 2574 1731 2631 est
1751 2562 1873 2654 caligo.

1024 2779 1086 2848 XL

204 2927 207 2936 ·
318 2889 512 2986 Apollonius
536 2890 575 2960 de
598 2889 754 2958 Pronum.
769 2916 801 2984 p.
817 2890 889 2958 196.
936 2887 990 2962 Tri
1010 2894 1067 2987 σφῖ
1089 2886 1157 2962 orla
1176 2891 1225 2982 aqi
1247 2892 1423 2982 ἅλέγεται
1444 2887 1521 2987 παρ’
1543 2885 1750 2964 Αἰολεῦσιν*

680 2999 772 3070 ”Ora
791 2998 970 3102 παννυχσς
991 2999 1075 3098 ἄοψι
1096 3009 1273 3098 καταγρεῖ,
1296 2997 1434 3098 Σαπφώ.

194 3109 344 3200 Quando
373 3133 441 3202 per
481 3120 587 3196 totam
623 3120 756 3177 noctem
780 3109 822 3177 iis
852 3120 1008 3199 occupat.
1060 3109 1099 3177 In
1121 3109 1164 3177 Is.
1183 3109 1298 3180 Vossii
1319 3109 1486 3205 Excerptis
1507 3135 1540 3207 p.
1555 3126 1630 3189 ta1.
1655 3108 1808 3203 scriptum
1838 3103 1938 3176 estd'

188 3247 258 3316 σψι,
283 3223 369 3314 quod
385 3221 517 3292 correxit
533 3217 687 3290 Stmzius.
732 3222 915 3322 Kmaypei
930 3243 990 3314 pro
1010 3225 1187 3316 καθαιρεῖ,
1209 3236 1244 3288 ut
1265 3218 1422 3316 oiypeill,
1441 3238 1491 3299 lb.
1530 3221 1681 3291 Ceterum
1695 3216 1809 3314 supple
1829 3215 1939 3294 ὕπνος

187 3325 341 3420 ὄμματα,
369 3331 419 3400 vel
442 3331 470 3400 si
491 3331 572 3400 sorte
593 3330 644 3401 hic
666 3355 775 3400 versus
798 3329 976 3426 proximum
995 3327 1208 3424 fragmentum
1228 3330 1421 3424 excipiebat,
1450 3333 1593 3428 φρένας.

237 3655 244 3670 ’
320 3658 462 3729 Galenus
478 3657 640 3754 Protrept.
656 3685 682 3728 c.
697 3665 728 3726 θ.
768 3653 937 3746 ”Apsaros
951 3652 1016 3728 οὖν
1029 3659 1133 3739 ἐστιν,
1155 3652 1350 3746 ἐγνωκότας
1363 3652 1428 3754 τήν
1448 3655 1517 3747 μέν
1536 3655 1607 3727 τῶν
1627 3657 1820 3750 μειρακίων
1839 3648 1938 3748 ὤραν

190 3777 263 3850 τοῖς
284 3766 419 3865 ἠρινοῖς
440 3767 591 3841 ἄνθεσιν
614 3772 785 3855 ἐοικυῖαν,
807 3763 1049 3863 ὀλιγοχρόνιόν
1069 3796 1105 3838 τε
1121 3761 1185 3866 τήν
1199 3767 1324 3860 τέρψιν
1344 3773 1506 3858 ἔχουσαν,
1521 3767 1680 3836 ’ἐπαινεῖν
1698 3766 1758 3834 καὶ
1779 3760 1844 3862 τήν
1866 3764 1939 3836 Aa·

187 3886 294 3974 σβέαν
319 3881 502 3970 λέγουσαν·

687 3987 730 4058 Ὁ
751 3983 817 4073 μέν
837 3979 905 4078 γαρ
927 3978 1035 4063 uulda
1055 3982 1158 4055 ὅσσον
1178 3977 1265 4056 ἰδεῖν
1285 3985 1434 4068 πέλεται,

648 4154 651 4161 .
690 4095 710 4164 ὁ
733 4095 772 4166 δέ
795 4090 953 4184 τιᾰγαθὸς
975 4092 1101 4164 αὐτίκα
1123 4097 1182 4163 καὶ
1204 4089 1313 4171 καλός
1333 4095 1435 4161 ἔσται.

187 4211 288 4278 Alter
307 4205 442 4299 quadem
459 4203 606 4294 pulcher
627 4213 863 4294 εελρυσηίιιπι
887 4203 1012 4284 sucas,
1047 4203 1113 4270 sed
1141 4202 1249 4272 bonus
1281 4201 1397 4268 statim
1424 4197 1526 4268 etiam
1548 4197 1696 4289 pulcher
1723 4199 1798 4269 erit.
1842 4195 1940 4291 Apud

190 4317 351 4389 Galenrun
388 4314 535 4384 scribitur
561 4311 659 4382 door:
696 4312 789 4380 metri
818 4335 931 4379 caussa
959 4311 1093 4380 correxit
1119 4311 1360 4412 Blomfielduu
1385 4308 1547 4378 Dictiouis
1577 4308 1625 4378 vis
1657 4307 1736 4380 haee
1762 4324 1821 4393 est,
1863 4305 1936 4372 risu

29 4475 33 4484 ·
82 4427 83 4431 ’
189 4439 297 4497 tenus.
334 4424 462 4493 Deinde
485 4425 545 4493 καὶ
567 4420 678 4490 vocula
700 4422 734 4489 in
755 4419 860 4488 verbis
884 4418 958 4491 ὁδέ
979 4417 1140 4510 κσὶγαθός
1162 4420 1281 4490 Latina
1303 4418 1448 4488 versione
1469 4418 1562 4488 reddi
1583 4443 1649 4488 non
1670 4418 1789 4515 potuit:
1812 4414 1938 4484 Graece

190 4537 252 4606 dici
273 4539 334 4606 καλ
363 4537 415 4605 ool
436 4539 595 4618 ξυνδοκεῖ
615 4530 702 4627 ὅπερ
722 4531 783 4601 καὶ
803 4529 897 4617 ἐμοί,
937 4529 1168 4598 demonstravit
1187 4528 1394 4598 Heindorfius
1424 4528 1467 4597 ad
1484 4528 1572 4599 Plat.
1588 4526 1740 4598 Parmen.
1760 4538 1815 4607 72.
1838 4538 1870 4594 et
1892 4521 1936 4592 ad

192 4645 362 4716 Phaedon.
379 4657 432 4710 23.
471 4640 655 4735 Sapphonis
677 4655 783 4710 autem
806 4661 917 4709 uersus
932 4661 998 4708 nou
1014 4635 1122 4708 diflert
1142 4637 1182 4708 ab
1198 4637 1258 4710 hac
1276 4637 1429 4735 loquendi
1448 4638 1586 4710 radone:
1610 4637 1651 4718 ὃς
1670 4636 1710 4709 δέ
1727 4637 1788 4707 καὶ
1801 4630 1940 4726 ἀγαθός

189 4759 291 4837 ἐστιν,
319 4754 452 4832 ἐκεῖνος
473 4753 533 4822 καὶ
556 4747 663 4832 καλοῖς
685 4755 789 4823 ἔσται.
