4242 5300
1026 244 1199 334 22Ι

954 359 1168 377 ——q

183 505 216 547 κ.
236 478 281 556 ἐξ,
303 497 341 541 ex
364 468 640 566 praestantissimo
663 482 770 536 tamen
797 465 837 536 C.
860 480 1006 552 enotatur
1029 461 1074 536 αι’
1091 461 1188 538 πότοι.
1225 463 1398 536 Postremo
1421 464 1582 536 Prisciani
1605 465 1677 536 cod.
1695 465 1847 537 Heidelb.
1871 477 1938 541 αλ-

182 594 229 658 bo
246 590 363 656 cosdra
382 614 402 653 τ
422 609 519 651 norea
537 607 677 676 reptata.
706 576 844 672 Lips.1.
869 604 944 646 ααα
964 583 1084 648 sordeo
1105 606 1275 648 ταιποισια
1294 605 1435 674 reptaret.
1462 575 1555 672 Lips,
1572 591 1604 644 2.
1628 585 1699 648 αλα
1718 607 1848 650 cotnra.
1869 608 1936 650 ιτο-

180 724 247 767 root
267 721 409 791 τερωτα.
437 690 556 760 Dresd.
573 704 604 756 2.
628 697 700 759 αλα
721 693 866 782 θυυαηα
887 715 932 755 τα
953 691 1050 756 urdo
1071 692 1285 784 χαθηρωθα.
1332 686 1431 776 Quod
1451 687 1485 754 in
1505 703 1644 755 extremo
1664 711 1758 754 versu
1781 703 1839 772 est,
1863 686 1937 760 κατ’

183 813 311 903 ἔρωτα,
334 802 456 885 Faber,
478 799 568 867 unice
592 797 685 866 metri
707 796 813 890 legem
836 795 1086 890 contemplatus,
1109 796 1243 864 mutavit
1266 797 1299 864 in
1323 793 1422 868 nadd'
1445 802 1572 892 ἔρωτα,
1596 798 1647 866 ubi
1671 814 1703 865 ct
1727 797 1867 865 absurda
1889 814 1939 866 cst

140 907 145 916 ’
184 914 298 984 vocula
318 911 365 999 δι’,
389 936 492 1004 neque
513 909 671 1002 significat
692 905 749 974 illa
771 905 875 991 dictio,
898 922 933 974 nt
956 904 1107 1001 postulat,
1132 906 1278 973 libenter.
1309 904 1397 974 Vere
1413 905 1456 972 Is.
1473 905 1722 1001 Vossiuspdedit
1741 906 1938 1002 neira‘pcow:

182 1051 258 1096 nam
281 1040 315 1091 ut
339 1023 433 1090 docet
455 1017 607 1113 Apollon.
633 1017 671 1085 de
687 1015 828 1083 Advcrb.
852 1043 885 1110 p.
901 1014 977 1082 606.
994 1015 1069 1100 607,
1096 1013 1270 1110 particulae
1295 1015 1462 1110 temporis,
1492 1040 1570 1110 quas
1592 1016 1710 1086 Graeci
1733 1014 1875 1110 plerique
1900 1015 1936 1082 fi-

181 1121 367 1204 niebantin
388 1138 441 1214 r'e,
464 1127 642 1197 Dorienses
665 1126 699 1193 in
722 1137 784 1206 ῖιᾶ,
808 1124 892 1219 apud
915 1123 1092 1192 Aeolcnses
1126 1124 1284 1192 cadebant
1307 1125 1339 1192 in
1362 1139 1422 1213 ῑᾶ,
1447 1123 1532 1193 velut
1554 1123 1653 1210 no'roe,
1678 1124 1754 1206 cira,
1776 1129 1936 1221 έτέρωτα,
1987 1211 1990 1214 ¹

180 1244 322 1314 ἄλλοτα.
365 1239 488 1308 Parum
513 1238 630 1306 idonea
654 1257 784 1318 caussa,
812 1249 846 1300 nt
868 1232 1000 1302 Bestius
1027 1257 1150 1328 quoque
1173 1233 1306 1318 iudicat,
1334 1234 1478 1302 Koenius
1503 1235 1545 1302 ad
1570 1235 1706 1328 Gregor.
1731 1262 1764 1329 p.
1781 1243 1845 1302 535
1868 1261 1935 1330 seq.

181 1355 267 1447 apud
291 1349 487 1443 Hesychium
511 1371 570 1442 pro
594 1347 764 1440 κατέροτα
787 1342 899 1411 maluit
922 1347 1094 1440 aare'grvra
1118 1367 1214 1436 quam
1238 1347 1417 1440 xore‘pcora
1440 1369 1610 1439 reponere,
1639 1345 1702 1412 nisi
1725 1346 1806 1413 sorte
1830 1345 1936 1440 ipsum

179 1465 335 1557 ἑτὲροτα,
356 1459 411 1526 uhi
434 1473 535 1524 metro
560 1472 669 1549 aptum
694 1469 794 1537 essct,
818 1453 859 1521 ab
884 1451 1095 1521 Aeolcnsibus
1120 1453 1323 1522 tolerabatur.
1369 1454 1422 1521 Ad
1447 1455 1580 1522 eandem
1604 1479 1751 1522 normam
1774 1456 1817 1526 αἰ
1836 1453 1935 1544 neira,

180 1573 214 1640 in
237 1595 300 1639 uno
325 1569 434 1636 codice
459 1581 631 1648 servatum,
654 1562 778 1656 vulgari
802 1562 975 1656 scripturae
1000 1570 1130 1634 attona
1154 1563 1398 1659 praeferendum
1422 1563 1500 1630 vidit
1522 1562 1743 1634 Blomlreldus.
1790 1562 1869 1633 Non
1893 1564 1934 1632 ab

179 1707 215 1749 re
238 1679 342 1762 suerit,
365 1675 511 1744 ordinem
536 1673 770 1767 depravationis
795 1672 905 1766 paucis
931 1673 1109 1740 ostendere.
1154 1673 1335 1767 Postquam
1359 1674 1453 1766 igitur
1476 1671 1568 1744 rot'd’
1592 1673 1801 1766 dissyllabum
1824 1673 1935 1742 haberi

180 1805 329 1883 coeptum
348 1802 407 1870 est,
430 1800 530 1852 metro
556 1781 729 1852 consulturi
752 1782 873 1850 librarii
896 1782 929 1850 in
953 1806 1024 1851 eam
1049 1783 1238 1877 scripturam
1262 1783 1494 1867 deserebantur,
1519 1807 1614 1876 quam
1638 1809 1675 1851 ex
1692 1784 1840 1876 Dionysii
1864 1784 1934 1852 cod.

180 1900 315 1981 b'lonac.
340 1895 391 1964 vel
421 1921 458 1964 cx
481 1894 604 1989 Apogr.
627 1891 767 1961 Victorii
799 1892 1038 1960 annotavimus:
1071 1917 1166 1986 quam
1197 1919 1293 1986 quum
1321 1893 1464 1987 ineptam
1493 1891 1547 1960 alii
1576 1892 1875 1986 deprehendissent,
1904 1909 1936 1962 et

180 2025 353 2106 postquam
375 2002 448 2077 τύδ’
472 2001 728 2096 monosyllabum
751 2003 904 2086 redierat,
935 2002 971 2069 id
1002 2002 1088 2094 quod
1111 2002 1261 2095 Dionysii
1290 2002 1362 2069 libri
1385 2026 1495 2069 omnes
1521 2001 1683 2088 exhibent,
1715 2003 1810 2070 etiam
1834 2019 1935 2072 metro

147 2195 149 2202 ,
181 2120 419 2199 adversantem,
442 2113 621 2208 proximum
645 2127 729 2196 erat,
754 2134 816 2205 quo
839 2110 962 2203 utrique
987 2128 1201 2179 occurreretur
1225 2111 1410 2194 offensioni,
1433 2127 1467 2178 ut
1487 2121 1536 2182 ΐᾶ
1561 2109 1687 2204 syllaba
1712 2112 1933 2206 duplicaretur.

181 2227 327 2300 Similem
349 2250 417 2292 rem
441 2223 594 2292 accidisse
618 2221 793 2289 videbimus
819 2244 917 2288 carm.
933 2220 975 2304 Π,
991 2232 1022 2288 5.
1051 2219 1161 2306 Versu
1184 2221 1220 2296 6.
1238 2221 1340 2288 Aldus
1363 2217 1427 2300 uic
1448 2217 1535 2308 ἐμάς
1557 2216 1662 2300 uiduis
1681 2219 1774 2301 oit‘orc
1792 2219 1935 2305 oino'loc,

179 2365 218 2408 ex
242 2337 312 2405 cod.
334 2333 429 2404 Colb.
453 2347 598 2400 enotatur
613 2327 738 2416 ,alderia
768 2328 884 2422 cReg.
904 2347 931 2396 t.
956 2328 1088 2412 reddtis,
1119 2330 1340 2415 codblonac.
1364 2328 1430 2410 ccic'
1451 2329 1536 2420 ἐμάς
1558 2328 1670 2411 auidiis
1691 2329 1793 2410 a’t‘otc.
1823 2329 1933 2420 oindl',

178 2445 343 2518 Victorius
368 2443 403 2510 in
424 2441 517 2510 codd.
542 2468 572 2506 v.
589 2437 610 2506 l.
635 2436 749 2519 adderis
765 2438 830 2532 legi
852 2437 994 2524 testatur,
1019 2457 1051 2508 ct
1071 2440 1207 2533 margini
1227 2440 1345 2507 Aldino
1369 2439 1452 2508 hanc
1472 2457 1582 2509 notam
1603 2440 1727 2510 allevit:
1751 2471 1803 2538 γρ.
1824 2439 1935 2522 αὐδᾶς

179 2554 285 2643 a'nor',
308 2553 391 2621 unde
415 2551 500 2619 idem
522 2539 767 2644 in'apographo
791 2549 941 2616 carminis
967 2549 1068 2618 deditt
1090 2551 1154 2629 τᾶς
1176 2548 1265 2641 ἐμᾶς
1285 2547 1397 2630 αὐδᾶς
1420 2549 1514 2630 cit‘occ
1535 2550 1632 2621 cinor.
1663 2551 1715 2618 Ex
1739 2551 1870 2619 diversis
1895 2549 1933 2618 li·

179 2668 310 2736 brorum
333 2661 521 2731 testimoniis
547 2659 735 2730 Criticorum
759 2655 1037 2755 pleriqueao’doic
1058 2662 1288 2755 praetulerunt,
1318 2661 1380 2729 nisi
1413 2662 1498 2754 quod
1521 2662 1563 2728 Is.
1586 2659 1727 2730 Vossius
1758 2661 1931 2745 dubitabat,

181 2800 223 2846 an
246 2771 361 2852 abacta
384 2770 550 2839 Aeolicum
574 2784 667 2837 esset
709 2768 755 2837 Et
778 2768 921 2864 profecto
947 2794 1043 2862 quum
1060 2770 1213 2863 'antiquus
1238 2795 1342 2837 sermo
1366 2770 1503 2866 plurima
1526 2769 1672 2838 habuerit
1694 2770 1759 2838 cius
1784 2771 1932 2838 termina·

180 2885 276 2955 tionis
302 2881 472 2964 vocabula,
503 2878 740 2971 insequentibus
764 2879 959 2972 temporibus
984 2880 1101 2974 partim
1125 2879 1320 2966 oblitterata,
1354 2881 1438 2948 velut
1460 2878 1578 2967 aaron,
1602 2878 1735 2963 arvad,
1757 2879 1871 2978 φειδώ,
1892 2903 1932 2967 ne
1990 2885 1994 2894 '

180 2993 312 3090 propria
333 2991 497 3058 mulierum
518 2989 648 3057 nomina
668 2988 870 3073 cumtdcmus,
894 2990 989 3057 tutius
1014 3006 1090 3075 crat,
1111 2989 1263 3058 -Aeolicac
1287 2987 1412 3059 dialecti
1433 2991 1599 3083 vestigium
1614 2991 1728 3062 idonea
1749 2991 1932 3060 auctoritato

148 3123 155 3140 ·
181 3102 407 3174 communitum
434 3099 660 3191 redintegrare.
714 3098 800 3165 Dein
829 3098 958 3192 vulgata
984 3100 1134 3194 Dionysii
1165 3101 1310 3194 exempla
1338 3128 1409 3168 cum
1441 3100 1624 3195 Stephano,
1656 3099 1773 3184 Porto,
1809 3100 1931 3168 Ursino

179 3212 284 3300 either,
308 3209 351 3292 ἇς
369 3206 532 3280 πολλάκί
554 3207 646 3275 metri
669 3223 775 3276 tamen
794 3209 949 3276 rationem
973 3209 1017 3277 ita
1040 3210 1149 3278 habuit
1170 3209 1300 3294 Portus,
1322 3227 1356 3277 ut
1376 3227 1580 3305 praeoptaret
1602 3210 1696 3290 oit‘occ
1714 3206 1759 3281 rei
1776 3206 1932 3290 πόλλ’ἇς.

182 3325 250 3395 Sed
268 3321 415 3418 plerique
439 3319 482 3385 ls.
498 3316 655 3386 Vossium
679 3318 779 3385 secuti
801 3335 887 3403 sunt,
911 3315 1031 3391 oit‘ocoa
1056 3319 1164 3391 πόλλυ
1187 3319 1238 3388 vel
1262 3316 1372 3389 nolle)
1396 3337 1601 3414 reponentem
1625 3347 1683 3415 pro
1709 3321 1874 3406 librorum,
1897 3335 1932 3388 ut

180 3434 241 3520 ait,
264 3433 420 3526 scriptura
442 3424 547 3514 nolti,
577 3429 619 3496 ad
643 3452 789 3496 normam
811 3427 1015 3496 Aeoliconrm
1037 3428 1190 3502 σελλᾶνα
1214 3447 1244 3499 ct
1265 3433 1401 3521 με’λλος.
1445 3430 1570 3499 Venrm
1593 3431 1799 3498 Hermannus
1822 3429 1933 3500 ηόλλυ

180 3543 297 3612 iudicat
320 3559 352 3611 et
374 3540 445 3610 usui
466 3526 662 3633 repugnare,
690 3563 792 3632 neque
817 3539 923 3606 sensui
946 3555 1055 3634 aptum
1079 3565 1167 3609 esse:
1199 3567 1257 3611 noc
1281 3565 1357 3609 sane
1381 3541 1533 3636 explices,
1566 3542 1641 3636 quid
1664 3542 1705 3610 sit
1728 3536 1815 3610 πολι)
1838 3537 1932 3612 cit'erv

81 3653 83 3658 ’
180 3654 233 3722 vel
261 3649 392 3739 κλύειν,
422 3648 546 3719 etiamsi
575 3647 696 3716 formae
724 3648 869 3717 vocabuli
893 3649 1043 3718 Aeolicae
1072 3651 1207 3718 tuendae
1237 3650 1445 3719 adhibeantur
1467 3652 1577 3720 lonica
1605 3649 1731 3730 ηουλιὶς
1759 3666 1790 3718 et
1812 3645 1931 3721 noviei.

182 3762 344 3852 Quocirca
364 3759 558 3854 suscepimus
580 3755 719 3839 πόλλας,
740 3783 801 3851 quo
822 3758 973 3827 librorum
988 3760 1106 3828 indicia
1125 3762 1292 3845 ducebant,
1313 3761 1534 3856 praeeuntibus
1550 3761 1700 3845 Baitero,
1724 3761 1929 3845 Schneidero,

179 3869 385 3966 Blomlicldo.
419 3865 473 3938 Nc
497 3869 579 3936 cuim
601 3885 702 3963 putes,
726 3871 869 3937 multam
886 3871 1119 3959 precationem
1144 3869 1236 3939 celeri
1262 3872 1339 3938 deae
1364 3870 1521 3954 adventui,
1546 3871 1598 3964 qui
1623 3896 1670 3938 vs.
1690 3888 1739 3938 13.
1762 3870 1928 3966 praedica·

180 4001 246 4066 tur,
275 3978 466 4070 omninoque
490 3977 555 4044 eius
582 3978 783 4071 benignitati,
812 4003 907 4074 quam
932 3995 1031 4046 totum
1054 4002 1183 4047 carmen
1207 3978 1359 4065 celebrat,
1389 3981 1580 4048 contrariam
1604 4007 1689 4067 csse,
1712 4005 1777 4050 non
1800 3981 1930 4074 longam

181 4117 253 4163 eam
283 4089 341 4158 scd
365 4087 527 4155 ardentem
549 4089 672 4183 poetria
697 4089 781 4156 dicit.
833 4089 929 4157 Unde
952 4113 1018 4156 non
1042 4088 1266 4183 perspicimus,
1297 4115 1352 4157 cur
1374 4089 1436 4158 hoc
1461 4115 1584 4185 quoque
1606 4091 1811 4159 Hermannus
1835 4105 1929 4184 neget

181 4203 232 4272 vcl
260 4198 369 4268 sensui
395 4196 459 4265 loci
487 4196 536 4264 vel
567 4199 722 4268 sermonis
751 4197 873 4292 legibus
903 4198 1081 4266 convenire.
1130 4198 1197 4288 Qui
1228 4201 1355 4292 quando
1385 4200 1454 4293 ipse
1484 4228 1522 4270 ex
1550 4199 1638 4272 deror
1665 4202 1771 4269 elicuit
1798 4202 1928 4288 decoro,

183 4312 268 4408 quod
293 4310 333 4376 sit
356 4305 514 4393 ἄπωθεν,
543 4305 609 4375 iure
633 4309 747 4377 obiecit
768 4308 978 4376 Blomlreldus
1005 4307 1118 4403 Suppl.
1140 4309 1330 4378 Animadvv.
1361 4309 1442 4378 hacc
1466 4312 1616 4380 adverbia
1639 4311 1701 4380 loci
1727 4312 1767 4379 ab
1792 4311 1928 4379 Aeolen·

182 4424 269 4491 sibus
292 4421 326 4487 in
343 4408 398 4488 bia
422 4417 588 4486 terminata
611 4443 697 4502 esse,
720 4435 800 4486 teste
824 4417 996 4513 Apollonio
1022 4419 1060 4487 de
1084 4420 1224 4488 Advcrb.
1248 4448 1282 4516 p.
1299 4421 1373 4488 563.
1390 4421 1473 4503 60u3
1504 4447 1605 4514 neque
1630 4420 1832 4515 intelligimus
1858 4446 1928 4490 eom

183 4530 405 4625 cogitationem
430 4528 507 4596 satis
532 4546 640 4624 aptam
665 4553 746 4612 esse,
771 4553 866 4620 quum
889 4555 929 4598 ne
955 4528 1071 4599 Graeci
1096 4531 1232 4625 quidem,
1257 4533 1284 4600 si
1308 4532 1352 4600 dii
1376 4558 1392 4600 e
1417 4531 1590 4624 longinquo
1614 4555 1723 4624 preces
1748 4531 1929 4600 mortalium

183 4640 327 4712 audirent
349 4655 403 4707 aut
425 4663 518 4732 opem
543 4639 580 4706 iis
606 4638 741 4722 ferrent,
772 4637 949 4706 mirabilem
972 4657 1025 4708 aut
1049 4641 1240 4734 singularem
1264 4667 1334 4710 cam
1357 4668 1426 4710 rem
1456 4640 1609 4710 duxerint.
1653 4641 1716 4710 Vs.
1738 4659 1768 4723 7.
1793 4650 1928 4713 amorra

182 4751 307 4823 exhibet
321 4749 433 4836 Aldus,
457 4749 540 4819 unde
564 4747 722 4819 revocavit
741 4745 934 4830 anchins3
958 4749 1103 4844 exempla
1128 4751 1256 4846 vidgata
1280 4753 1432 4824 λιποῦσα.
1465 4751 1503 4820 In
1528 4751 1640 4820 codem
1664 4751 1820 4822 vocabulo
1843 4768 1928 4821 recte
