4274 5290
1061 236 1122 336 64

268 515 270 520 .
354 472 448 542 Lihri
468 486 590 540 veteres
613 469 689 536 editi
712 465 871 565 ριλήμμι,
895 466 966 536 eod.
988 466 1281 560 Schweighaeuscri
1303 472 1464 566 φίλημμι.
1508 467 1598 603 lpse„
1605 467 1709 537 editor
1731 493 1802 538 curn
1824 467 1976 541 Canum

223 593 358 686 φίλημι,
381 582 552 676 quodiam
574 576 757 670 Stephanus
782 595 813 646 et
835 577 975 645 Ursinus
997 575 1126 645 hahent.
1170 577 1258 646 Dein
1276 577 1486 669 legebatur
1459 605 1549 673 ιρις·
1570 581 1661 673 ε’ρος,
1683 603 1722 646 ex
1746 563 1975 649 emendatione

225 694 356 768 Canteri
379 717 399 760 a
421 689 616 760 Casauhono
638 685 822 780 repositum,
846 684 1203 778 Schweighaeuserus
1193 687 1314 754 invenit
1342 685 1376 752 in
1405 687 1475 754 cod.
1491 686 1532 753 A.
1570 685 1754 780 Stephanus
1779 689 1975 758 coniunctim

222 807 416 903 ι’ροσοιιλίιο,
440 797 599 894 separavit
614 796 766 864 Ursinus.
813 795 858 862 Et
877 795 917 864 ah
940 793 1106 863 Athenaeo
1127 794 1300 886 quidem*
1274 821 1354 890 ερος
1375 795 1527 889 scriptum
1548 819 1629 879 esse,
1653 814 1787 889 apparet
1810 823 1848 866 ex
1870 798 1972 866 inter-

221 913 397 1011 pretatione
420 905 606 978 suhiecta
583 935 605 998 η
628 936 692 976 τοι
679 903 778 1002 ζῆν
800 907 981 992 suttune.
1026 901 1248 1032 ASapphone
1272 904 1477 997 cupiditatem
1499 904 1625 972 vivendi
1648 905 1766 975 dictam
1788 931 1859 976 esse
1883 908 1972 975 desi-

221 1025 342 1113 derium
361 1019 451 1103 solis,
474 1041 568 1108 aegre
590 1014 763 1096 credimusr
793 1044 833 1085 το
824 1008 1012 1111 λοιμιιρόν
1031 1016 1090 1083 καὶ
1116 1008 1157 1084 ιδ
1180 1009 1290 1084 καλόν
1315 1037 1456 1083 connexa
1476 1015 1591 1084 iterato
1614 1013 1757 1100 articulo,
1780 1017 1973 1108 praesertim

219 1131 390 1204 interiectis
413 1127 567 1195 verhis'
540 1150 619 1221 ερος
647 1121 751 1194 ιιιλίιο
778 1122 929 1206 seiuncta,
959 1121 1090 1190 tolerari
1116 1147 1182 1190 non
1207 1122 1310 1214 magis
1340 1126 1490 1216 possunF;
1524 1138 1686 1216 postremo
1710 1126 1877 1209 sententia,
1906 1149 1972 1218 qua

221 1238 355 1336 Sappho
379 1237 440 1306 sibi
456 1235 541 1307 dicat
555 1236 638 1302 vitae
655 1234 861 1326 cupiditatem
876 1231 1045 1300 honesturn
1067 1232 1231 1316 sortitam,
1245 1257 1315 1300 cum
1338 1253 1439 1324 eoque
1461 1230 1598 1302 naturali
1621 1231 1746 1301 viuculo
1769 1233 1973 1303 coniunctam

222 1375 304 1435 esse,
327 1348 431 1416 minus
448 1345 531 1413 clare
556 1366 707 1436 expressa
730 1358 789 1427 est,
813 1341 841 1410 si
862 1340 923 1408 hoe
938 1356 1066 1434 putatur
1081 1340 1249 1425 indicasse,
1272 1338 1446 1408 honestatis
1464 1341 1570 1410 studio
1586 1341 1646 1410 sihi
1662 1343 1744 1410 ritae
1760 1343 1970 1436 cupiditatem

221 1458 406 1555 temperari:
429 1454 463 1523 id
486 1452 571 1547 qnod
591 1476 631 1518 ne
654 1451 759 1544 ipsum
781 1451 910 1543 quidem
933 1475 1004 1518 cum
1026 1449 1184 1518 sententia
1206 1446 1398 1520 aClearcho
1413 1450 1598 1542 praedicata
1613 1450 1708 1545 plane
1724 1453 1879 1536 convenit,
1904 1476 1971 1545 qua

219 1594 286 1639 non
302 1564 484 1636 sustinuerit
508 1586 528 1629 a
550 1560 703 1629 suavitate
723 1557 923 1628 honestatem
939 1583 1098 1652 separare.
1145 1557 1255 1647 Quum
1279 1574 1385 1627 autem
1407 1558 1610 1628 manifestum
1631 1560 1672 1629 sit
1686 1559 1728 1631 ed
1746 1557 1856 1632 κοιλὸν
1881 1576 1913 1630 et
1927 1559 1972 1632 ιδ

134 1703 136 1707 ·
219 1657 381 1773 λᾷμῃρόν
405 1670 612 1766 segreganda,
636 1685 667 1736 et
681 1691 740 1762 pro
756 1668 883 1736 nomine
906 1673 983 1764 ἔρος
1005 1667 1091 1738 aliud
1107 1667 1321 1759 quaerendum
1337 1691 1417 1750 esse,
1442 1692 1576 1760 quocum
1592 1669 1749 1762 genitivus
1765 1667 1870 1741 ιιιλίοσ
1892 1695 1970 1740 con·

221 1803 373 1856 struatur:
403 1783 500 1851 cuivis
524 1777 614 1846 facile
638 1803 676 1845 ex
698 1776 872 1870 Epicurum
895 1775 1170 1868 Tragicorumque
1194 1774 1326 1845 lectione
1350 1792 1510 1845 succurrat
1531 1775 1669 1846 formula
1689 1777 1852 1874 λαμιιρόν
1878 1777 1972 1876 ροιος

220 1893 333 1966 dello.
378 1891 456 1981 Qua
477 1887 695 1958 emendatione
717 1885 862 1979 probata,
897 1887 1041 1975 λέλογχε
1065 1885 1101 1953 fit
1121 1884 1370 1954 intransitivum:
1406 1911 1445 1952 cx
1467 1885 1589 1961 duobus
1612 1888 1688 1956 uero
1711 1887 1772 1972 his,
1791 1910 1884 1980 ·quae
1907 1888 1971 1957 sihi

221 2003 390 2096 contigisse
413 1997 536 2095 poetria
558 1997 612 2081 ait,
648 2021 744 2090 quum
768 1997 836 2063 sinc
860 1992 1039 2064 offensione
1062 1994 1185 2086 legatur
1207 1991 1248 2066 cd
1273 1989 1384 2064 καλόν
1401 1997 1563 2086 λέλογχε,
1596 2021 1663 2064 non
1690 2021 1790 2090 aeque
1814 1996 1867 2066 lux
1889 1997 1969 2066 solis

221 2114 337 2183 dicitur
358 2109 449 2180 alicui
472 2106 606 2190 evenire,
630 2106 688 2174 sed
712 2104 766 2198 qui
787 2104 853 2173 vita
875 2103 1030 2187 hunnum,
1059 2127 1115 2170 eos
1139 2101 1205 2171 fere
1230 2102 1347 2172 Graeci
1370 2102 1553 2172 scribunt‘
1533 2105 1633 2201 ορᾶν,
1674 2107 1850 2228 προσορᾶν
1880 2104 1972 2204 polee

219 2222 357 2321 ἠελίοιο,
382 2217 528 2341 procirca
543 2241 627 2285 nunc
649 2239 774 2338 (progne
797 2212 893 2282 talem
915 2211 1101 2280 infinitivum
1124 2211 1278 2281 excidisse
1302 2211 1483 2306 suspiceris.
1529 2214 1627 2284 sed?
1618 2231 1662 2284 ιιι
1685 2215 1858 2284 constituta
1880 2215 1968 2302 haec,

220 2334 249 2402 si
271 2333 386 2402 directe
410 2326 625 2409 enuncientur,
647 2323 755 2394 inania
779 2338 868 2390 sunta
903 2337 939 2392 ιιι
962 2320 1109 2393 Clearchi
1131 2320 1305 2390 laudationi
1329 2321 1474 2406 satisfiat,
1502 2323 1715 2417 restringendi
1736 2322 1840 2394 forma
1861 2328 1969 2418 requi·

126 2534 132 2540 ¹
218 2444 308 2527 ritm,
341 2438 399 2507 sed
421 2435 576 2530 particula
598 2433 745 2526 eligenda
767 2448 815 2501 est
837 2430 923 2516 talis,
961 2455 1051 2525 quae,
1087 2432 1130 2499 ad
1157 2429 1253 2498 verba
1280 2427 1369 2524 φάος
1392 2427 1496 2500 ἀελίιο
1519 2432 1630 2517 relata,
1666 2432 1760 2502 simul
1783 2434 1969 2528 temporalis

220 2553 272 2622 sit.
318 2547 392 2617 Hoc
413 2546 470 2617 ὅτι
494 2544 545 2613 ιιι
568 2539 668 2614 ὁιιόιι,Ι
694 2557 726 2610 et
747 2540 788 2609 oh
811 2539 906 2608 futuri
929 2541 1083 2634 temporis
1107 2539 1340 2631 cogitationem,
1364 2563 1460 2632 quam
1474 2541 1639 2634 postrdant
1662 2542 1758 2612 verha
1773 2544 1864 2640 ὁροιν
1880 2543 1971 2642 φάος

221 2659 338 2745 αἐλίιο,
363 2673 396 2726 ιι
418 2655 459 2724 oh
483 2652 654 2723 admixtam
675 2652 839 2722 notionem
861 2649 1066 2734 condicionis,
1095 2645 1313 2718 vocabulo
1273 2679 1313 2719 ιο
1334 2645 1445 2720 κοιλον
1471 2665 1589 2744 aptam,
1618 2668 1804 2744 antegresso
1826 2669 1969 2748 tempore

223 2766 383 2869 praesenti
405 2769 528 2866 φίλημι
554 2761 800 2834 construendum
822 2774 871 2828 est
893 2785 963 2828 cum
986 2759 1194 2827 subiunctivo.
1239 2757 1288 2826 Ita
1311 2774 1423 2850 sponte
1447 2759 1601 2828 exsistunt
1623 2787 1733 2831 versus
1757 2761 1856 2832 talesz

535 2868 631 2962 Eycd
653 2870 691 2941 dd
714 2865 830 2968 φιληιί
856 2867 1068 2964 ἁβροσύναν,
1093 2863 1263 2960 [ὁιιιιόια]
1286 2897 1349 2956 μοι
1373 2899 1411 2938 ιο
1438 2865 1599 2964 λαμιιρόν

536 2980 626 3079 φάος
652 2977 861 3076 [ιιροσορῆν]
885 2975 999 3065 dcun,
1023 2983 1081 3050 nal
1104 3007 1143 3048 το
1134 2973 1276 3048 καλον
1294 2976 1453 3071 λιλόγχιγ.

219 3097 293 3189 Ego
326 3116 403 3165 vero
436 3113 514 3164 amo
547 3089 769 3171 suavitatem,
809 3087 890 3153 dum
918 3087 1002 3152 mclii
1021 3086 1228 3176 ¹splendidae
1263 3085 1346 3152 solis
1383 3087 1467 3154 lucis
1507 3085 1693 3177 adspectus
1733 3097 1768 3154 et
1790 3085 1969 3157 honestum

223 3206 400 3296 contingat.
452 3201 521 3270 Iam
548 3199 623 3268 dicit
646 3195 791 3290 Sappho,
826 3195 911 3287 quod
935 3194 1052 3262 dixisse
1083 3219 1154 3264 eam
1176 3193 1350 3268 Clearchus
1375 3195 1510 3288 scripsit.
1564 3193 1664 3283 Quod
1687 3195 1714 3263 si
1737 3220 1803 3264 non
1825 3199 1969 3292 cengmii

222 3317 359 3398 cuniis,
383 3335 464 3406 quae
488 3309 574 3406 apud
596 3307 782 3400 scriptorem
803 3319 948 3373 nostrum
970 3301 1029 3369 hos
1052 3327 1162 3372 versus
1186 3303 1359 3404 excipiunt:
1382 3329 1448 3372 non
1469 3321 1586 3373 temere
1609 3304 1687 3374 haec
1710 3305 1854 3375 videmur
1868 3306 1968 3377 Athe.

221 3451 314 3512 naec,
352 3421 405 3516 qui
433 3420 468 3491 ιιι
500 3415 649 3486 Clearchi
677 3413 760 3482 libro
790 3427 971 3506 corruptum
994 3411 1182 3482 vocabulum
1203 3417 1281 3509 ἔρος
1303 3411 1433 3506 legerat,
1471 3414 1646 3482 orationem
1668 3414 1735 3482 eius
1758 3413 1820 3482 hoc
1842 3415 1968 3487 addita·

221 3553 330 3606 mento
351 3525 559 3622 interpolanti
582 3525 728 3610 tribuere,
758 3547 855 3622 quum
876 3522 956 3616 ipsis
979 3521 1053 3607 illis,
1085 3545 1166 3620 quae
1190 3521 1362 3595 Clearchus
1387 3520 1570 3617 sapphonis
1593 3521 1772 3616 fragmento
1794 3527 1968 3619 praemisit,

223 3660 331 3744 aperte
352 3652 539 3736 repugnent.

1035 3849 1095 3916 XL
1152 3899 1160 3916 .

354 3964 534 4034 Athenaeus
557 3958 635 4030 XV.
627 3987 684 4056 ..p
675 3960 771 4040 (afli.
787 3982 815 4027 e.
865 3953 994 4054 Σαιιφω
1020 3957 1093 4030 δ”
1069 3847 1357 4051 οιιιλιοιιοτερον
1314 3953 1379 4052 τήν
1404 3950 1520 4027 οιιιιάν
1543 3953 1730 4030 οιιιοδίιλισσι
1756 3959 1819 4031 τοῦ
1843 3989 1968 4058 στεφα-

224 4078 373 4154 νοῦσθαι
399 4073 501 4171 ἡμᾶς,
524 4075 673 4162 λέγουσα
699 4067 799 4140 wide·
846 4065 897 4138 Σιι
923 4067 961 4138 de'
981 4065 1162 4206 στιροινοις
1183 4064 1292 4136 dorae
1315 4063 1531 4160 περθέσθ’
1513 4075 1652 4161 sperare
1672 4067 1878 4166 φοβαισι,”
1857 4099 1970 4165 οριια-

224 4215 290 4268 nac
321 4181 454 4280 οιννὴιω
483 4183 665 4274 συνιρροιις
688 4174 922 4270 οιιιοιλλοιγιίορ
947 4181 1071 4271 χερσίν.
1105 4172 1260 4248 mucosa
1283 4202 1352 4269 γαρ
1376 4176 1514 4244 πέλεται
1540 4179 1599 4246 aral
1625 4174 1728 4272 χάρις
1749 4207 1786 4248 τε
1810 4177 1970 4274 μάκαιρα

223 4299 361 4395 μᾶλλον
380 4293 575 4388 ιιροιέρηνα
603 4285 844 4385 στιφανιιιοισι
867 4288 1168 4383 θαιιιισιρέφονιοιι.
1205 4283 1251 4362 σὸς
1271 4276 1553 4382 εὐανθέστερον
1543 4281 1610 4382 γοιρ
1637 4289 1696 4358 κοιλ
1717 4291 1971 4383 κεχαρισμειον

223 4408 362 4502 μᾶλλον
380 4409 453 4480 τοῖς
474 4405 582 4479 θεοῖς,
603 4399 832 4496 ιιαραγγέλλιι
864 4394 1119 4497 στεφανοῦσθαι
1142 4390 1223 4474 roric
1250 4391 1412 4472 θιιονιας.

361 4506 552 4633 Στεφριιιοις
577 4522 627 4577 est
647 4506 844 4576 aecusativus
867 4505 1027 4591 Aeolicus,
1052 4530 1122 4573 cum
1143 4503 1298 4576 infinitivo
1321 4503 1524 4601 παρθέσθαι
1546 4499 1752 4591 constructus,
1777 4505 1831 4600 qui
1853 4531 1891 4574 ex
1915 4531 1969 4576 ve·

152 4667 155 4672 ·
183 4639 184 4644 ’
228 4629 303 4702 teris
327 4619 482 4693 sermonis
507 4611 765 4686 consuetudine
755 4615 933 4708 imperativi
955 4615 1054 4688 vicem
1076 4612 1197 4708 implet,
1234 4614 1317 4682 unde
1340 4637 1407 4680 non
1430 4626 1479 4679 est
1500 4613 1724 4698 necessarium,
1752 4631 1788 4684 ut
1809 4640 1881 4684 cum
1904 4614 1970 4686 Ca·

229 4737 373 4812 sarthono
394 4725 530 4832 πάρθεό
554 4754 594 4823 γ,
624 4737 678 4794 aut
700 4747 772 4792 cum
796 4720 1096 4818 Schweighaeusero
1118 4719 1266 4819 ποιρθις,
1294 4719 1462 4821 πάρθισο,
1484 4717 1631 4819 ιιοιρθεο,
1656 4740 1802 4797 anteum
1822 4721 1971 4819 Volgero
