4242 5300
177 611 179 618 ι
308 560 497 632 Ammonius
517 561 556 630 de
576 557 647 630 diff.
662 559 774 630 vocab.
789 573 886 653 pto.
924 559 1029 656 Ἀρτι
1050 563 1109 631 καὶ
1132 558 1258 657 άριίιος
1280 558 1452 656 διαφέρει·
1473 554 1554 655 άρτι
1576 558 1642 650 μέν
1663 557 1730 658 γάρ
1751 564 1821 634 εὀιι
1842 587 1945 660 χρυ..

176 669 277 746 νιιιδν
292 677 479 772 ἐπίρρημα,
501 669 544 744 τά
565 668 595 743 d
617 667 741 767 tipu'eoc
762 673 817 743 ἐπὶ
838 670 901 741 τοῦ
921 667 1173 768 ἀπηρτισμένου
1195 676 1296 766 ἔργον
1313 675 1458 750 τελείως.
1486 669 1570 743 ὥστε
1582 671 1775 768 ἁμαρτάνει
1790 670 1931 773 Σαπφοῖ,

176 787 340 876 λέγουσα·
451 837 453 842 -

682 886 829 986 Ἀρτίως
850 887 917 979 μέν
941 890 990 970 [οἱ]
1013 891 1263 986 χρυοοπέδιλος
1282 889 1395 972 Λάιος,

176 1001 256 1074 ἀντὶ
277 1001 451 1098 χρονικοῦ
471 996 713 1097 ὦτιῤῥήμοιτος.

292 1111 415 1180 Modo
439 1112 556 1178 aureis
579 1109 685 1178 soleis
707 1108 861 1181 Aurora.
914 1109 1027 1196 Λάιος,
1068 1110 1102 1177 iu
1130 1109 1269 1204 antiquis
1297 1108 1449 1204 exemplis
1473 1109 1664 1202 quibusdam
1692 1109 1726 1178 in
1749 1110 1812 1181 duo
1835 1135 1929 1182 voca*

177 1222 253 1292 bula
275 1216 333 1303 orl,
354 1221 400 1301 οὖς
422 1220 625 1312 discerptum,
648 1219 808 1288 revocavit
830 1235 905 1313 post
928 1219 1126 1313 scaligerum
1149 1236 1181 1288 et
1202 1219 1397 1288 Vulcanium
1410 1217 1655 1304 Valckenarius,
1679 1221 1734 1314 qui
1756 1245 1828 1289 eam
1851 1222 1929 1291 scri-

177 1347 304 1427 pturam
334 1331 398 1398 iarn
430 1353 449 1398 a
477 1329 505 1396 F
506 1327 643 1397 rollonio
672 1328 706 1396 in
735 1328 882 1396 ordinem
909 1331 1083 1422 repositam
1110 1345 1230 1397 monet.
1274 1328 1399 1398 Veram
1427 1329 1617 1424 scripturam
1639 1329 1779 1399 Ursinus
1804 1357 1929 1426 quoque

180 1440 284 1510 babet.
329 1438 504 1508 Praeterea
526 1463 653 1508 versum
676 1463 884 1531 praegravem
913 1438 1035 1532 syllaba
1062 1437 1222 1508 levaturus
1245 1438 1457 1508 Blomfieldus
1479 1438 1546 1528 μὲν
1563 1438 1710 1506 seclusit:
1743 1465 1802 1511 uos
1827 1440 1929 1510 liben-

179 1551 240 1620 tius
264 1547 430 1620 articulum
452 1547 637 1630 omittimus.
681 1547 736 1616 Ad
757 1545 840 1616 bunc
862 1548 947 1616 enim
970 1548 1173 1619 inserendum
1195 1548 1400 1643 procliviores
1423 1564 1497 1617 sumt
1518 1547 1649 1632 librarii,
1678 1547 1734 1618 illa
1757 1575 1832 1618 vero
1855 1575 1929 1644 par·

179 1659 274 1729 ticula
296 1658 409 1758 locum!
422 1673 537 1742 tuetur,
560 1657 627 1724 sive
650 1671 738 1724 ortus
762 1655 840 1724 solis
863 1655 1005 1749 pluribus
1029 1675 1197 1726 exornatus
1222 1674 1299 1742 erat,
1324 1659 1390 1726 sive
1413 1655 1485 1726 huic
1507 1658 1611 1726 versui
1635 1657 1698 1751 ipsi
1720 1683 1771 1727 res
1797 1685 1835 1728 ιο
1850 1675 1930 1728 tem·

179 1794 256 1864 pore
279 1784 370 1862 gesta
394 1765 654 1859 subiungebatura
684 1764 756 1832 vide
779 1763 927 1858 fragmm.
948 1763 1128 1834 LVAEVI.
1174 1766 1325 1836 Ceterum
1358 1767 1444 1836 cuius
1473 1766 1584 1861 culpae
1614 1766 1748 1863 Sappho
1780 1770 1821 1838 ab
1851 1769 1929 1838 Am·

179 1877 288 1948 monio
311 1878 550 1960 condemnatur,
574 1873 640 1942 eius
664 1889 829 1944 consortes
852 1872 949 1942 babet
970 1874 1214 1968 probatissimos
1237 1876 1372 1944 Atticos.

314 2203 506 2300 Apollonius
530 2203 569 2272 de
593 2201 747 2271 Pronom.
762 2227 795 2295 p.
809 2215 882 2284 137.
925 2203 1054 2291 Ἡμᾶς·
1079 2201 1172 2291 ἄμμι
1193 2201 1349 2283 Alutela·
1370 2199 1503 2293 Ὀπτᾷς
1524 2202 1626 2291 ἄμμι,
1650 2199 1783 2302 Σαπφοῖ
1804 2201 1932 2300 πρώτῳ.

319 2317 447 2384 Turres
462 2337 537 2384 nos.
581 2311 621 2380 ln
643 2312 687 2380 Is.
702 2311 819 2380 Vossii
833 2311 1003 2406 Excerptis
1025 2339 1059 2407 p.
1073 2329 1149 2389 131.
1164 2310 1310 2380 mutilata
1331 2310 1410 2380 haec
1433 2328 1549 2382 etcum
1572 2315 1776 2382 antecedente
1799 2313 1932 2383 articulo

182 2424 316 2498 confusa
337 2426 383 2494 ita
403 2423 605 2516 legebantur:
632 2424 710 2510 Αμι
732 2427 885 2518 Δωριεῖς.
911 2420 965 2493 ud'
988 2451 1034 2520 ιιρ
1057 2451 1161 2502 ouras
1185 2445 1308 2512 ομμι.·
1332 2419 1463 2520 Σοπφοὶ
1484 2421 1527 2494 α’.
1552 2423 1684 2493 Codicis
1707 2421 1800 2493 lectio
1824 2425 1889 2493 iam
1912 2447 1932 2493 a

182 2536 313 2606 Koenio
334 2533 464 2629 prodita
486 2548 536 2602 est
557 2533 601 2600 ad
624 2531 761 2626 Gregor.
777 2557 810 2626 p.
821 2539 897 2601 5233.

316 2863 517 2958 Hephaestio
537 2889 569 2956 p.
582 2877 635 2940 13.
684 2858 766 2933 Ter
786 2844 963 2933 Αἰολικῶν
985 2858 1230 2958 ἀκαταλήπτων
1250 2857 1294 2932 τά
1314 2860 1380 2950 μέν
1402 2859 1635 2958 πεντάμετρον
1655 2869 1811 2934 καλεῖται
1840 2865 1934 2935 Σοιπ·
1983 2943 1984 2948 .

183 2971 290 3074 φικδν
310 2970 810 3071 τεοοαρεοκαιδικοιοάλλοιβον,
841 2967 930 3062 qiud
952 2968 1113 3066 δεύτερον
1141 2971 1307 3068 Σαπφοῦς
1329 2971 1414 3042 ὅλον
1437 2974 1634 3067 γέγραπται·

625 3079 790 3178 Ἠράμαν
810 3081 877 3170 μέν
898 3078 964 3172 e’ycd
986 3085 1101 3166 σέθεν,
1123 3080 1239 3162 Ἀτθὶ,
1261 3079 1368 3150 πάλαι
1392 3080 1490 3152 πότα.

317 3193 492 3263 Amatam
518 3191 654 3287 ριιίάιπι
680 3203 713 3259 tc
740 3214 813 3283 ιρο,
845 3191 950 3274 Auli,
980 3190 1178 3282 als'puando.
1223 3188 1292 3258 Pro
1319 3187 1425 3262 Ἀτθὶ
1447 3191 1519 3261 edd.
1535 3191 1618 3260 lunt.
1635 3189 1778 3262 Turneb.
1795 3207 1827 3262 et
1840 3193 1935 3264 codd.

186 3305 229 3374 Β
242 3300 390 3373 ΗΝ
366 3332 436 3391 ατε,
475 3300 569 3371 simul
590 3327 661 3372 cum
681 3299 791 3370 Plotio
814 3327 847 3394 p.
839 3300 960 3386 .3636,
998 3300 1053 3394 qui
1083 3325 1210 3368 versum
1240 3325 1279 3368 ex
1306 3299 1554 3403 Hephaestione
1576 3301 1772 3396 excerpsitr·
1764 3303 1841 3370 sed
1862 3304 1934 3373 cod.

188 3411 428 3485 Nannianus‘'
404 3441 491 3500 οιτοι,
522 3412 614 3482 codd.
630 3411 670 3480 C.
682 3410 779 3478 Μ.
755 3426 823 3491 οτϊ,
845 3436 883 3478 ιιι
906 3435 968 3503 quo
991 3408 1116 3502 puellae
1145 3434 1262 3478 nomen
1290 3408 1462 3501 elicnemnt
1482 3409 1649 3480 Bentleius
1672 3426 1703 3479 et
1727 3410 1934 3504 Tyrvhittus,

188 3523 399 3619 probantibus
422 3520 609 3605 Gaislordo,
641 3518 847 3604 Blomfieldo,
881 3519 1069 3589 Hermanno
1091 3516 1198 3586 Elem.
1214 3519 1314 3589 doctr.
1330 3535 1421 3587 metr.
1412 3545 1468 3612 ..p
1461 3519 1556 3588 .3ό3.
1603 3518 1711 3608 Quam
1738 3521 1934 3590 emendatio·

74 3633 75 3636 '
188 3659 263 3703 nem
294 3633 391 3703 etiam
417 3629 516 3700 Laur.
539 3629 744 3700 Santenius
733 3629 854 3698 mvenit
883 3629 925 3697 ad
953 3627 1117 3697 Catullum
1139 3627 1192 3713 68,
1213 3637 1262 3696 18.
1279 3644 1310 3697 et
1340 3629 1382 3698 ad
1412 3628 1544 3697 Terent.
1560 3627 1669 3697 Maur.
1685 3655 1712 3698 c.
1727 3643 1759 3705 t.
1775 3653 1822 3696 vs.
1836 3640 1935 3719 2154,

189 3768 322 3837 eamque
351 3742 453 3836 ipsius
487 3739 675 3808 Terentiani
704 3737 889 3808 auctoritate
919 3737 1094 3822 confirmat,
1134 3737 1188 3830 qui
1218 3736 1279 3806 hoc
1309 3753 1410 3805 metro
1438 3761 1530 3804 usam
1557 3734 1764 3830 Sapphonem
1791 3755 1935 3828 testatur,

149 3854 156 3864 ’
191 3853 297 3925 Corui
313 3850 450 3944 quaudo
461 3849 583 3943 fuisse
604 3847 674 3916 siti
686 3848 780 3916 canit
794 3847 939 3915 Atthida
952 3848 1112 3930 Parvum,
1125 3845 1246 3936 florea
1269 3846 1440 3937 virginales
1464 3869 1530 3913 sua
1544 3867 1647 3939 quum
1656 3845 1772 3939 soret,
1795 3875 1827 3944 p.
1838 3864 1936 3928 9131.

188 3963 315 4033 Versus
338 3959 473 4029 Latinos
497 3958 624 4028 Marius
645 3957 833 4028 Victorinus
856 3967 997 4052 p.2559‚
1018 3973 1056 4024 'et
1078 3957 1148 4051 ipse
1171 3955 1325 4026 Santenio
1347 3969 1556 4040 memoratus,
1579 3980 1676 4049 quum
1698 3959 1790 4027 metri
1812 3959 1937 4033 Aeolici

192 4070 373 4166 exemplum
387 4069 648 4164 circumspiceret,
671 4067 777 4138 bunc
768 4095 801 4137 m
815 4069 946 4138 modum
969 4067 1138 4138 contraxit.
1164 4065 1269 4134 Cordi
1282 4065 1405 4132 laurea
1422 4064 1594 4190 νίιρίπίίοι
1617 4067 1701 4134 mitti
1716 4070 1935 4162 puumsoret.

192 4183 277 4252 Ex
267 4179 525 4275 rnterpretatione
548 4177 737 4246 Terentiam
759 4176 892 4246 alterum
915 4201 1041 4246 versum
1063 4175 1159 4245 talem
1180 4172 1247 4243 fere
1269 4173 1369 4243 fuisse
1392 4174 1558 4244 coniicias.
1574 4174 1666 4246 ’Ότιι
1688 4185 1863 4275 παρθινέιι
1875 4211 1937 4270 μοι

192 4291 237 4366 ἔτ
259 4287 465 4380 οἱνθεμάεοέ
486 4287 580 4386 ἐπῆν.
627 4288 666 4356 ln
687 4287 749 4356 fine
771 4285 845 4356 libri
868 4285 1117 4381 Hephaestionis
1141 4299 1172 4354 et
1194 4282 1388 4353 Plotius'
1345 4313 1451 4356 πονοι
1473 4285 1607 4356 correxit
1627 4285 1849 4358 Blomlieldus.

324 4617 508 4688 Athenaeus
530 4616 590 4685 XI.
583 4643 639 4713 ..p
630 4615 731 4694 drot)
747 4616 779 4685 d.
795 4615 835 4684 de
858 4611 1004 4683 vocabuli
1025 4501 1194 4710 1άοῖἡριον
1216 4627 1371 4685 vetustate
1395 4613 1570 4684 disserens.
1600 4618 1672 4688 Kal
1694 4612 1827 4714 Σαπφοὶ
1848 4617 1878 4694 ὅ
1898 4625 1938 4695 ἐν

192 4760 241 4822 τῳ
225 4726 409 4870 ’δευτέρῳ
430 4733 510 4826 ἔφη·
553 4723 679 4800 Πολλά
700 4721 730 4798 ά
752 4723 937 4823 ἀνάριθμα
960 4721 1106 4822 ποτήρια
1126 4728 1297 4823 κολοίφις.
1526 4833 1620 4928 [όή]
