4242 5300
1043 99 1103 204 37

967 221 1182 246 7-——-—-3

724 305 841 382 ὁππότ’
857 309 904 383 ἄν
926 307 1099 407 πλήθοισα
1119 307 1269 400 μάλιστα
1291 307 1408 406 λάμπῃ

725 421 792 511 ’γᾶν
816 426 886 500 [ἔπι
907 421 1045 499 auitam]

191 535 321 604 Stellae
343 531 479 626 quidem
506 532 597 600 crire
621 529 802 620 pulchrum
824 530 942 598 lunam
964 530 1188 598 abscondunt
1212 555 1334 598 rursus
1364 529 1513 598 lucidam
1528 529 1685 623 sect'em,
1716 513 1950 622 quamplura

192 644 346 714 matthee
360 642 483 735 fulget
503 652 611 708 lolam
634 664 706 729 per.
725 650 861 706 terrum.
905 638 1166 734 'Auoxpelrrrotet
1194 656 1225 707 et
1251 637 1406 737 φαινυόυ
1435 639 1521 707 dedit
1544 638 1689 733 Scaliger
1710 640 1753 708 ad
1775 637 1948 706 Manilium

193 780 227 848 p.
245 753 307 833 663
330 751 457 820 idern
437 748 610 836 οππόκπν,
641 749 680 816 (lc
704 772 767 842 quo
790 747 917 832 adt?
899 779 931 816 o.
955 747 1072 816 ‹IIctum
1092 765 1150 818 est.
1184 748 1296 816 Minus
1319 766 1402 818 recte
1429 766 1535 818 autem
1558 747 1818 818 Blomfieldus’
1794 744 1949 845 αποκριλ-

191 891 309 932 moen
332 860 468 955 scripsit,
492 859 578 952 quod
598 857 755 928 Doricum
777 873 834 941 est,
857 881 932 926 non
929 856 1170 942 Aeolicum,
1138 884 1200 927 nist
1191 858 1303 940 forte
1327 884 1365 926 ex
1386 858 1644 954 inscriptionibus
1667 858 1731 927 alia
1754 859 1946 929 docebimur.
1982 859 1986 873 ‘

194 970 324 1040 Certe
314 997 347 1038 m
369 969 480 1038 Alcaei
502 968 617 1062 fragm.
635 966 761 1035 XXIV.
800 966 922 1036 Blomf.
945 985 1079 1036 metrum
1102 969 1207 1062 poscit
1227 959 1385 1056 νεύοισιν,
1408 993 1473 1038 uon
1496 967 1650 1058 eedem:
1673 968 1790 1063 pariter
1813 966 1948 1062 Sappho

192 1079 426 1178 ρόμβεισιΠ,
448 1092 499 1146 12.
544 1075 680 1147 Alcaeus
702 1075 843 1171 κάλπισι
865 1092 896 1144 et
917 1084 1068 1168 διἰυαιιιι,
1099 1077 1138 1145 de
1163 1078 1274 1171 quibus
1297 1079 1415 1149 mentio
1438 1077 1524 1148 facta
1546 1095 1596 1146 est
1617 1079 1660 1148 ad
1681 1077 1728 1163 II,
1748 1087 1780 1144 5.
1826 1073 1949 1146 Neuter

192 1215 327 1284 usquam
349 1204 404 1258 ant
425 1187 538 1256 horum
561 1187 728 1256 verborum
750 1203 805 1255 aut
826 1211 949 1271 comm,
974 1212 1054 1280 quae
1077 1186 1110 1254 in
1131 1193 1178 1276 th.
1193 1204 1320 1272 exeunt,
1343 1212 1515 1283 personam
1538 1189 1663 1258 tertiam
1685 1187 1842 1283 pluralem
1864 1187 1947 1256 litte·

192 1299 236 1368 ris
259 1305 314 1370 ff.
336 1297 499 1380 terminat,
530 1311 565 1363 ut
586 1294 749 1366 Pindarus
773 1321 850 1366 sane
873 1314 1001 1392 practer
1023 1301 1158 1388 λέγοντι
1180 1314 1211 1366 et
1232 1295 1406 1369 ἀπαιῶυτι
1434 1299 1528 1366 etiam
1551 1300 1622 1370 ἐντὶ
1645 1314 1676 1366 et
1697 1301 1802 1396 φαντὶ
1832 1289 1946 1364 habet:

192 1407 284 1478 aliter
306 1405 442 1503 Sappho
466 1405 560 1474 VIII.
583 1405 691 1474 XXX.
714 1422 746 1474 et
767 1404 903 1475 Alcaeus
929 1405 1035 1474 XXII.
1064 1405 1143 1476 haec
1167 1432 1291 1501 quoque
1314 1407 1477 1476 flexerunt.
1522 1407 1602 1478 Loci
1627 1407 1812 1504 Sapphonis
1836 1403 1955 1474 memi-¹
2068 1387 2072 1394 ¹

191 1518 239 1596 uit
255 1517 406 1602 Iulianus,
431 1515 517 1585 cuius
541 1541 559 1583 e
582 1515 686 1583 verbis
710 1531 816 1584 tamen
837 1513 953 1610 fragm.
973 1515 1064 1586 CVI.
1087 1518 1233 1602 enotatis,
1255 1543 1321 1586 non
1340 1518 1489 1612 sequitur,
1511 1518 1590 1613 ipsis
1608 1517 1657 1586 his
1678 1517 1819 1586 versibus
1838 1517 1947 1584 lunam

191 1625 373 1724 ἀργυρέαν
403 1626 520 1694 dictam
547 1624 662 1708 fuisse,
693 1641 727 1693 ut
754 1625 887 1718 putabat
906 1625 1133 1710 Blomlieldus,
1166 1627 1219 1719 qui
1246 1628 1358 1697 iccirco
1381 1627 1547 1723 stropham
1568 1627 1673 1697 verbis
1700 1625 1855 1723 ἀργυρέα
1877 1623 1946 1716 γᾶν

193 1737 299 1806 claudi
328 1733 466 1804 volebat.
511 1733 564 1802 Ex
586 1733 683 1802 verbo
714 1731 819 1801 antem
846 1734 1024 1828 praesentis
1047 1725 1199 1829 temporis
1227 1735 1473 1833 dnoxpdueouu
1501 1754 1534 1806 et
1559 1738 1769 1830 subsequente
1791 1735 1946 1830 particula

191 1844 364 1918 ὁππότ’ἂν
387 1861 531 1940 apparet,
553 1869 619 1910 uon
643 1842 779 1912 describi
801 1867 869 1912 rem
892 1841 1019 1912 lucente
1037 1841 1113 1912 Inna
1136 1861 1247 1929 actam,
1271 1847 1329 1914 sed
1351 1847 1470 1916 voculis
1493 1848 1559 1935 μὲν
1582 1864 1614 1916 et
1635 1844 1673 1918 δι’
1695 1849 1777 1936 inter
1800 1870 1834 1914 sc
1858 1843 1941 1912 rela-
2023 1861 2027 1872 ·

195 1956 235 2026 tis
260 1955 324 2023 rim
348 1953 479 2022 subesse
502 1953 758 2047 comparationis,
781 1951 826 2020 ita
848 1953 936 2020 utin
958 1951 1059 2022 altero
1081 1955 1225 2036 membro
1248 1955 1296 2024 vir
1317 1953 1368 2023 vel
1390 1954 1496 2050 puella
1519 1980 1618 2049 aeque
1642 1956 1796 2024 diceretur
1818 1970 1945 2054 praeter

194 2065 344 2136 comitum
366 2063 490 2132 turbam
514 2062 676 2132 excellere.
722 2062 770 2130 Ut
785 2061 967 2148 Horatius,
994 2062 1127 2134 collatus
1156 2089 1186 2142 ax
1200 2065 1292 2134 Fulv.
1314 2065 1453 2149 Ursino,
1486 2064 1595 2133 Carm.
1620 2064 1805 2148 I,12,46.
1836 2056 1950 2132 Mical

192 2175 282 2244 iuter
305 2197 421 2242 emeres
443 2173 569 2240 lutum
591 2173 697 2255 sidus,
724 2172 815 2268 velut
833 2172 922 2240 tuter
944 2173 1039 2263 ignes
1060 2173 1163 2242 Luna
1185 2175 1340 2244 minores.
1387 2167 1486 2264 Quod
1508 2198 1583 2243 vero
1607 2173 1843 2242 insolentiorem
1868 2171 1946 2240 diri-

193 2310 263 2354 mus
287 2282 370 2354 hanc
394 2283 638 2368 similitudinem,
661 2281 807 2376 producit
830 2281 958 2374 quidem
980 2284 1224 2378 comparationis
1248 2286 1350 2378 gratia
1366 2285 1527 2353 Homerus
1552 2282 1661 2352 stellas
1685 2283 1793 2351 lunam
1816 2281 1944 2374 cingen-

192 2411 241 2466 tes
258 2394 296 2462 Il.
315 2401 353 2466 θ.
367 2403 441 2478 555,
467 2393 586 2463 Sirium
602 2391 702 2460 stellis
722 2391 947 2462 circumdatum
967 2391 1004 2460 II.
1016 2411 1050 2483 χ.
1068 2401 1121 2478 ttss,
1144 2393 1328 2488 Vesperum
1349 2395 1398 2462 vel
1415 2393 1598 2464 Luciferum
1619 2419 1689 2462 cum
1705 2392 1816 2462 ceteris
1833 2387 1944 2458 sideri·

194 2505 254 2580 bns
277 2503 315 2572 II.
337 2530 372 2595 χ.
391 2517 465 2585 317.
488 2529 526 2574 ac
548 2501 709 2570 Pindarus
731 2501 844 2571 Isthm.
863 2518 894 2588 3,
914 2516 968 2588 42,
990 2529 1049 2572 nec
1070 2518 1176 2572 tamen
1198 2504 1252 2588 ita,
1276 2521 1309 2572 ut
1330 2504 1456 2572 illorum
1479 2503 1650 2599 splendore
1672 2519 1845 2572 ceterarum
1868 2497 1942 2594 stel3

193 2613 295 2684 larum
318 2613 437 2682 Iumina
460 2611 622 2682 obscurari
644 2612 830 2706 significent.
864 2611 923 2682 Uti
945 2636 1022 2680 sane
1044 2613 1233 2684 recentiores
1256 2612 1385 2699 faciunt,
1410 2615 1448 2683 de
1472 2615 1583 2708 quibus
1606 2613 1678 2682 vide
1695 2595 1945 2700 Boissonadium

192 2725 235 2800 ad
257 2720 363 2794 Nicet
386 2724 512 2818 Eugen.
531 2722 593 2808 VI,
611 2722 687 2800 416.

325 3055 547 3148 Hermogenes
571 3051 744 3121 deformis
766 3053 1030 3122 orationisllsnc
1046 3069 1078 3130 ι.
1100 3080 1133 3148 p.
1152 3067 1228 3132 400.
1262 3051 1334 3134 ,Teis
1356 3051 1486 3145 μέν’
1445 3086 1510 3126 ουκ
1532 3051 1682 3152 αισχρᾰς
1704 3051 1879 3154 videorest
1852 3079 1943 3125 εστιν

191 3161 307 3244 ἁπλῶς
324 3163 516 3292 ἕκὲυρᾶζειν,
539 3163 614 3234 otor
629 3160 758 3242 κᾶλλος
774 3168 914 3259 χωριιιυ,
938 3169 1000 3236 καὶ
1014 3170 1155 3261 φυτείας
1176 3164 1371 3264 διαφόρους,
1393 3170 1487 3238 xal‘
1469 3165 1655 3263 propaletur
1677 3171 1860 3251 ποικιλίαν,
1884 3167 1944 3232 καὶ

192 3274 257 3345 ὅσα
277 3275 431 3345 τοιαῦτα.
473 3267 594 3345 Talea
612 3301 680 3368 γαρ
703 3275 828 3344 καὶ
783 3303 826 3368 τι]
844 3273 923 3366 ὄψει
939 3273 1149 3369 προσβάλλει
1170 3273 1334 3373 ἡδονήν
1314 3275 1485 3371 οριόμενα,
1510 3275 1630 3345 καὶ
1584 3305 1628 3370 τι]
1647 3272 1746 3368 ἀκοῇ,
1770 3273 1828 3343 ὅτε
1845 3274 1944 3361 ἐξαγ-

192 3387 309 3476 γέλλοι
329 3411 388 3463 τις.
420 3381 605 3479 Ὥσπερ
583 3415 605 3481 η
627 3380 774 3510 Znnpce'·
795 3379 902 3480 Ἀμφὶ
924 3385 962 3454 dd
982 3383 1077 3480 ὕδωρ
1098 3380 1244 3480 ψυχρόν
1266 3393 1407 3458 κελαδει
1426 3383 1467 3456 de
1480 3385 1590 3458 dator
1610 3389 1782 3483 μηλίνιυν·
1805 3385 1864 3450 και
1887 3377 1945 3450 αι’-

193 3495 420 3585 ιλυσσυμένων
442 3493 481 3566 dd
501 3491 646 3591 φύλλων
667 3493 769 3580 κῶμα
791 3497 971 3588 καιαρῤἄ.

281 3681 284 3686 ,
328 3603 377 3672 Ut
398 3602 477 3672 haec
499 3619 572 3670 sunt
594 3629 632 3670 ex
655 3601 744 3671 libris
769 3601 944 3696 divulgata,
969 3603 1031 3670 duo
1055 3603 1238 3699 sapphonis
1261 3603 1396 3674 frustula
1419 3605 1639 3698 Hermogenes
1663 3603 1785 3671 videtur
1807 3625 1944 3697 expone·

193 3731 249 3782 r'e:
283 3713 377 3806 idque
400 3737 465 3781 non
488 3713 646 3808 displicuit
667 3712 789 3782 Ursino
813 3728 844 3780 et
866 3711 1045 3807 Stephano.
1091 3709 1206 3808 Neque
1229 3715 1378 3784 insecutis
1401 3714 1528 3784 Criticis
1550 3713 1944 3808 persuaserunt-omnibus

196 3818 342 3917 Scaliger
368 3824 411 3893 ad
435 3821 601 3891 Tibullum
628 3850 662 3919 p.
690 3839 762 3890 113.
791 3820 944 3890 Barthius
967 3811 1103 3892 Advers.
1132 3851 1165 3918 p.
1190 3834 1286 3892 2552.
1316 3839 1347 3893 et
1368 3822 1394 3890 I.
1417 3823 1532 3892 Douza
1561 3824 1594 3890 in
1618 3821 1719 3890 Tullii
1742 3823 1784 3890 ad
1806 3822 1945 3916 Longin.

193 3949 307 4002 annot.
330 3961 363 4027 p.
381 3949 434 4017 ῃ,
457 3949 492 4000 nt
512 3931 640 4002 inducta
661 3931 816 4028 particula
838 3936 898 4004 καὶ
921 3930 1106 4027 Sapphonis
1129 3933 1309 4027 fragmenta
1331 3933 1564 4003 continuarent:
1587 3932 1817 4028 obtemperarit
1838 3949 1945 4001 tamen

197 4041 421 4111 BIomIieIdus.
466 4041 529 4109 Est
553 4058 656 4110 autem
684 4042 740 4110 illa
763 4040 942 4110 emendatio
965 4041 1208 4128 verisimillima,
1243 4044 1400 4138 siquidem
1427 4043 1527 4112 altero
1548 4043 1694 4110 membro
1716 4068 1830 4113 manca
1851 4042 1944 4111 nimis

198 4152 398 4222 amoenitatis
417 4151 593 4221 enunciatio
617 4152 801 4237 continetur,
825 4169 856 4222 et
876 4153 1028 4222 dictiones
1051 4153 1152 4248 ipsae,
1176 4161 1317 4226 κελαδεῖ
1333 4151 1497 4228 allator
1519 4168 1551 4222 et
1571 4153 1714 4252 φύλλων
1736 4151 1945 4242 αἰθυσσομέ-

194 4291 283 4350 πων,
308 4279 374 4330 tam
393 4279 465 4355 apte
489 4259 667 4346 cohaerent,
690 4279 724 4332 ut
742 4260 849 4332 divelli
872 4285 926 4332 eas
949 4286 1042 4356 aegre
1063 4263 1206 4358 patiaris.
1239 4265 1350 4358 Itaque
1372 4281 1407 4333 nt
1426 4263 1530 4333 solent
1551 4282 1664 4359 poetae
1687 4264 1795 4334 rivulis
1819 4279 1850 4330 et
1872 4259 1944 4328 Ion·

197 4373 279 4444 tibus
303 4371 374 4441 loca
391 4395 527 4441 amoena
548 4395 711 4456 exornare,
735 4372 778 4440 sic
801 4369 851 4440 his
875 4369 907 4439 in
930 4371 1083 4458 versibus,
1106 4373 1225 4469 pariter
1246 4389 1340 4468 atque
1363 4375 1449 4472 apud
1464 4373 1667 4470 Propertium
1684 4373 1746 4458 IV,
1764 4390 1794 4456 t,
1812 4388 1843 4455 ι,
1866 4370 1944 4440 ista·
1971 4367 1975 4376 ’

197 4508 267 4550 ιιιιιι
289 4482 500 4550 murmuribns
525 4505 678 4576 aquarum
700 4479 830 4550 Irondes
854 4497 947 4549 rento
969 4505 1141 4556 concussas
1164 4482 1348 4580 obstrepere
1369 4502 1476 4581 putes,
1504 4485 1600 4554 modo
1622 4485 1711 4577 ipsae
1734 4505 1836 4576 aquae
1858 4496 1943 4550 recte

163 4673 168 4692 Ι
199 4592 343 4662 dicantrn
369 4599 530 4665 κελαδεῖν
559 4591 600 4665 δι’
615 4590 738 4664 tator.
786 4591 894 4683 Quam
917 4589 1088 4662 formulam
1118 4593 1244 4666 etiarnsi
1265 4597 1474 4667 concedamus
1501 4593 1562 4665 hoc
1584 4591 1773 4688 significare,
1801 4607 1943 4688 practer·
