4242 5300
176 492 298 572 Ἀτθὶς
315 494 374 561 καὶ
390 487 619 584 Ἀνακτορία·
634 489 694 557 καὶ
710 481 775 572 ὅ,τι
791 513 854 581 περ
870 483 1046 580 Σωκράτει
1063 492 1100 554 οἱ
1113 483 1317 575 ἀντίτεχνοι,
1335 483 1509 582 ,Πρόδικος
1524 489 1582 556 καὶ
1598 490 1746 582 Γοργίας
1760 493 1820 560 καὶ
1838 495 1932 586 Ope:

177 601 333 692 σὺμαχος
348 603 409 669 καὶ
426 593 673 693 Πρωταγόρας,
686 595 790 666 τοῦτο
803 595 849 688 τῇ
858 601 999 691 Σαπφοῖ
1011 597 1046 664 Γ
1041 592 1132 689 epyro*
1147 599 1207 665 καὶ
1216 593 1452 690 Ἀνδρομέδα·
1470 596 1535 666 νῦν
1549 595 1615 683 μέν
1630 597 1765 688 ἐπιτιμᾷ
1780 597 1931 686 ταύταις,

177 712 245 782 νῦν
255 709 294 780 δὲ
306 710 441 798 ἐλέγχει
451 691 509 778 eal
518 700 834 800 α’ρανεύεταιαύτᾰ
851 706 969 774 ἐκεῖνα
978 701 1022 774 ut
1031 702 1244 800 Σωκράτους.
1263 704 1308 772 Ε1
1323 703 1441 774 Suidas
1457 730 1487 772 v.
1502 703 1818 802 ΣααιφιόεἙταῖραι
1827 708 1934 806 αὐτῆς

178 823 237 891 καὶ
254 824 354 914 φίλαι
363 813 520 907 γεγόνασι
528 822 629 910 τρεῖς,
644 811 776 899 Ἀτθὶς,
792 818 991 900 Τελεσίααα,
1008 812 1167 909 Μεγάρα,
1185 810 1270 909 πρός
1283 813 1326 893 ἅς
1344 811 1589 912 καὶόιαβολῆν
1602 813 1703 904 ἔσχεν
1718 813 1867 912 αἰσχραῖς
1880 805 1933 914 pc·

178 934 271 1007 lebes·
283 924 476 1022 μαθήτριαι
490 925 530 995 δὲ
543 921 658 1020 αὐτῆς,
673 920 853 1018 Ἀναγόρα
867 927 1029 1018 Μιλησία,
1045 920 1208 1013 Γογγύλα
1222 927 1443 1021 Κολοφωνία,
1459 921 1614 995 Εὑνείκα
1628 931 1836 1014 Σαλαμινία.
1858 927 1944 1010 ,[11ιὶ

109 1111 120 1120 ,
180 1061 241 1134 pro
257 1035 437 1130 Telesippa
451 1032 559 1128 plures
581 1031 773 1101 substituunt
790 1029 991 1117 Telesillam,
1013 1039 1104 1101 terte.
1118 1055 1186 1100 ,non
1202 1032 1356 1125 Argiuam
1370 1031 1542 1127 poetriamr
1576 1050 1610 1102 at
1631 1058 1727 1128 qutun
1743 1033 1808 1104 alia
1821 1036 1936 1104 utrius·

180 1172 240 1242 que
264 1168 356 1214 sexus
386 1142 517 1212 nomina
538 1140 775 1236 frequententur
797 1167 835 1210 ex
859 1147 945 1236 ἴιιιιῳ
966 1140 1152 1236 composita,
1176 1158 1242 1210 turn
1259 1140 1471 1237 Telesippum
1494 1141 1668 1237 reperimus
1683 1143 1716 1212 iu
1731 1169 1825 1214 versu
1843 1143 1932 1212 Ana·

180 1255 262 1324 xilae
293 1251 416 1324 Comici
446 1276 500 1346 ap.
523 1250 650 1321 Polluc.
665 1251 707 1337 tt,
727 1267 757 1337 ³,
778 1266 832 1328 at.
870 1250 923 1320 Ab
948 1250 1069 1320 Ouidio
1093 1251 1295 1320 nominantur
1317 1249 1447 1320 ut‘ante
1471 1247 1640 1322 Phaonem
1663 1268 1788 1322 amatae
1813 1275 1832 1320 a
1855 1277 1933 1349 poe·

179 1365 249 1450 nia,
278 1363 411 1458 Pyrino,
440 1360 563 1446 lllnais,
592 1359 784 1454 Amythone,
816 1361 940 1454 Cydno,
964 1358 1080 1446 Atthis,
1113 1361 1320 1446 Heroidffi,
1345 1371 1384 1428 15
1407 1385 1508 1454 seqq,
1536 1387 1574 1430 ex
1599 1362 1711 1456 quihus
1734 1362 1767 1430 in
1790 1363 1932 1457 pluribus

179 1471 331 1569 exemplis
352 1469 532 1564 Amythone
553 1469 649 1539 cessit
677 1470 879 1555 Anactoriae‚
908 1495 967 1538 nec
988 1493 1065 1538 sane
1086 1469 1191 1540 versui
1209 1468 1266 1538 illa
1285 1470 1440 1554 convenit,
1464 1471 1521 1539 sed
1543 1469 1605 1539 hoc
1629 1493 1745 1540 nomen
1768 1472 1874 1567 potins
1898 1473 1932 1540 iu

181 1584 301 1657 Suidae
325 1583 477 1674 Anagora
501 1578 606 1675 possit
635 1577 834 1648 delitesceret
864 1579 985 1673 Pyrino
1013 1578 1160 1648 fortassis
1190 1580 1230 1648 ab
1260 1579 1332 1674 ipso
1363 1578 1484 1648 Ovidio
1511 1595 1694 1675 nuncupata
1716 1598 1780 1666 est,
1812 1605 1892 1676 quae
1916 1604 1935 1650 a

181 1692 328 1764 Maximo
360 1689 516 1784 Gyrinna,
547 1712 566 1756 a
597 1687 773 1784 Sapphone
793 1687 919 1782 fragm.
940 1687 1045 1755 XLII.
1084 1689 1229 1781 Gyrinno
1260 1687 1455 1783 appellatum
1483 1703 1682 1783 quamquam'
1703 1691 1798 1760 totius
1823 1714 1933 1759 versus

183 1801 348 1885 Ovidiani‚
372 1825 411 1868 ex
435 1820 498 1892 quo
521 1795 643 1890 Pyrino
667 1811 699 1865 et
721 1796 832 1866 Mnais
856 1795 1069 1892 profemntur,
1093 1796 1214 1865 incerta
1237 1814 1287 1866 est
1310 1797 1414 1866 lectio.
1451 1796 1683 1893 Damophilam
1707 1798 1935 1896 Pamphyliam

181 1928 291 1983 narrat
315 1906 506 2004 Apollonius
532 1904 715 1999 Tyanensis
740 1907 826 2001 apud
849 1905 1082 1974 Philostratum
1104 1905 1130 1990 I,
1156 1919 1210 1992 30,
1243 1922 1414 2001 postquam
1433 1906 1632 1977 familiariter
1659 1935 1731 1978 cum
1759 1908 1935 2005 Sapphone

182 2021 269 2106 vixit,
292 2015 439 2112 exemplo
462 2016 528 2084 eius
553 2022 593 2084 et'
608 2015 749 2084 carmina
777 2013 960 2084 condidisse
989 2030 1021 2083 et
1049 2040 1120 2083 curn
1148 2013 1220 2084 aliis
1251 2015 1423 2108 virginibus
1454 2014 1701 2086 familiaritatem
1729 2018 1935 2088 contraxisse.

181 2131 337 2200 Erinnam
353 2150 476 2221 quoque
492 2126 627 2192 amicam
643 2124 707 2194 eius
724 2123 843 2192 faciunt
858 2124 975 2194 Suidas
991 2151 1022 2192 v.
1032 2122 1185 2220 Ἤριννα
1200 2141 1232 2194 et
1246 2123 1431 2194 Eustathius
1448 2125 1490 2194 ad
1504 2123 1542 2192 ss.
1554 2130 1592 2216 β,
1616 2153 1650 2220 p.
1663 2140 1737 2208 247.
1753 2127 1832 2195 Bas.
1857 2127 1933 2222 Ipsa

182 2237 277 2310 simul
298 2263 369 2306 cum
390 2234 536 2329 Gpuinrra
556 2233 775 2304 Mnasidicam
796 2232 906 2302 laudat
926 2232 1043 2327 fragm.
1054 2233 1158 2303 XLII.
1180 2233 1345 2304 Atthidem
1366 2233 1423 2302 frr.
1432 2233 1527 2304 XIV.
1538 2233 1713 2303 XXXVII.
1745 2234 1837 2325 Quas
1859 2259 1935 2304 vero

183 2349 322 2432 amabat,
346 2346 373 2414 si
394 2359 478 2414 recte
499 2343 662 2413 Maximus
685 2342 804 2438 Tyrius
827 2343 956 2429 iudicat,
976 2367 1031 2412 eas
1057 2343 1229 2432 erudiebat,
1253 2359 1296 2436 ut·
1311 2345 1461 2414 Socrates
1486 2367 1561 2412 suos
1581 2343 1795 2440 philosophia,
1817 2345 1861 2414 ita
1879 2345 1936 2414 illa

162 2545 165 2550 Ι
182 2458 303 2528 musica
318 2471 396 2525 arte.
431 2453 579 2546 Quocum
598 2453 644 2523 ita
664 2452 739 2522 licet
753 2453 886 2524 Suidam
902 2452 1086 2540 conciliare,
1102 2454 1220 2522 arnicas
1237 2470 1269 2523 et
1284 2453 1455 2550 discipulas
1473 2453 1730 2550 distinguentem,
1749 2471 1784 2522 ut
1799 2455 1937 2550 discipu·

182 2569 232 2637 lae
250 2567 435 2660 cogitentur,
463 2587 554 2659 quae,
582 2573 678 2658 quum
698 2564 827 2632 donrum
846 2561 930 2631 illius
952 2579 988 2632 ut
1007 2579 1130 2634 exterae
1154 2587 1220 2632 non
1238 2580 1373 2659 possent
1392 2563 1570 2648 convenire,
1599 2563 1641 2630 ad
1664 2580 1847 2659 poematum
1871 2565 1937 2634 eius

182 2677 388 2748 imitationem
416 2699 452 2743 se
476 2674 720 2769 componebant.
767 2674 835 2743 Sed
856 2673 945 2767 ipsas
969 2674 1071 2758 cives,
1096 2695 1176 2767 quae
1199 2673 1233 2741 in
1254 2673 1471 2767 quotidianam
1496 2673 1754 2742 consuetudinem
1782 2697 1817 2744 se
1839 2675 1935 2744 dade·

182 2804 264 2872 rant,
291 2811 387 2880 quum
411 2783 493 2853 aliae
516 2781 665 2858 mulieres
691 2782 757 2850 suis
786 2781 1055 2856 familiaritatibus
1080 2782 1244 2878 implicare
1270 2799 1469 2867 conarentur,
1493 2782 1631 2876 graviter
1653 2806 1692 2852 ea
1713 2809 1748 2853 re
1774 2784 1938 2879 conqueri·

184 2915 242 2982 mr,
266 2894 352 2964 velut
376 2894 462 2988 quod
485 2891 590 2963 Atthis
615 2881 680 2961 sihi
699 2891 941 2968 Andromedam
965 2907 1148 2988 anteponat,
1178 2891 1294 2986 fragm.
1317 2891 1492 2960 XXXVII.
1523 2914 1619 2985 quam
1641 2892 1806 2963 mulierem
1828 2911 1862 2963 ut
1884 2920 1937 2962 ru-

149 3013 152 3024 '
184 3007 297 3076 sticaur
325 3002 510 3099 perstringit
535 3002 652 3096 fragm.
673 3001 795 3069 XXIII.
824 3001 888 3086 cui,
918 3001 945 3070 si
974 3026 1047 3070 vere
1075 3001 1264 3088 divinamus,
1292 3000 1401 3070 nescio
1431 3001 1505 3095 quid
1533 3002 1617 3072 male
1645 3005 1779 3072 cessisse
1803 3002 1938 3073 laetatur

183 3117 299 3210 fragm.
312 3110 436 3182 LVIII.
467 3110 617 3180 Puellam
630 3113 661 3179 'a
685 3111 837 3208 Gorgone
859 3135 950 3180 sunm
975 3110 1017 3180 ad
1045 3109 1227 3180 sodalitium
1252 3112 1482 3180 desciscentem
1513 3110 1650 3181 salutare
1674 3111 1796 3182 videtur
1819 3111 1936 3207 fragm.

186 3225 274 3297 XCI.
298 3224 386 3292 Inter
399 3220 524 3316 iniquas
545 3243 618 3291 eam
639 3221 735 3290 etiam
750 3220 959 3316 Polyanactis
980 3221 1078 3290 filiam
1097 3219 1257 3306 habuisse,
1278 3221 1416 3290 Maximi
1437 3221 1530 3314 Tyrii
1549 3221 1645 3290 verba
1665 3221 1781 3316 fragm.
1797 3221 1935 3292 LXXX.

185 3335 365 3433 praemissa
398 3331 580 3402 ostendunt
624 3331 778 3400 Aemulae
807 3331 915 3399 nescio
946 3328 996 3399 cui
1027 3331 1166 3400 musicae
1198 3331 1274 3399 artis
1298 3330 1489 3427 imperitiam
1513 3333 1685 3426 exprobrat
1708 3331 1822 3426 fragm.
1845 3331 1937 3400 XIX.

185 3447 337 3516 Fortasse
363 3440 488 3538 puellas
511 3441 648 3510 maxime
674 3441 759 3526 dicit,
784 3441 844 3509 etsi
869 3465 945 3508 sexu
969 3441 1074 3510 verbis
1099 3465 1164 3508 non
1190 3439 1348 3525 distincto,
1371 3439 1487 3533 fragm.
1502 3439 1706 3510 LXXXVII.
1728 3441 1781 3509 ubi
1800 3463 1860 3534 pro
1879 3441 1937 3510 bc-

185 3556 303 3627 neliciis
328 3553 389 3624 sihi
411 3575 478 3621 non
500 3576 612 3647 parem
635 3550 770 3646 gratiam
794 3549 904 3620 referri
928 3549 1075 3644 queritur.
1116 3549 1217 3639 Quod
1239 3548 1334 3643 igitur
1361 3549 1514 3619 Horatius
1539 3560 1729 3642 querentem
1746 3549 1874 3640 puellis
1895 3551 1938 3619 de

181 3664 408 3758 populandus
441 3661 600 3747 describit,
632 3661 741 3732 Carm.
759 3659 801 3745 ll,
825 3675 876 3745 ta,
892 3674 946 3738 aa.
976 3660 1018 3728 ad
1046 3676 1211 3753 utrasque,
1242 3674 1274 3728 et
1302 3661 1344 3728 ad
1376 3659 1508 3729 dilectas
1532 3658 1668 3751 virgines
1692 3673 1724 3727 et
1747 3658 1789 3726 ad
1811 3657 1937 3726 invidas

186 3773 334 3844 mulieres
362 3772 519 3866 pertinere
542 3786 659 3868 potest.
704 3769 828 3838 Vemm
851 3787 885 3838 ut
908 3770 949 3839 ob
972 3765 1033 3840 bas
1057 3768 1233 3865 puellarum
1257 3769 1411 3838 amicitias
1436 3767 1613 3862 aequalitmr
1637 3767 1811 3839 simultates
1833 3768 1939 3855 subiit,

185 3887 231 3956 ita
253 3881 398 3978 graviore
422 3880 611 3951 contumelia
633 3879 746 3950 eodem
760 3879 887 3949 nomine
910 3880 997 3975 apud
1016 3879 1168 3948 citerioris
1194 3879 1265 3948 aevi
1288 3879 1458 3972 scriptores
1479 3878 1591 3946 obruta
1615 3893 1674 3947 est.
1703 3879 1814 3974 ltaque
1836 3902 1937 3972 quorr-

187 3997 251 4066 iam
284 3989 434 4075 Ovidius,
468 3989 543 4058 dum
574 4013 665 4059 suam
689 3989 817 4086 culpam
841 3989 955 4074 elevat,
981 3989 1083 4058 Trist.
1099 3989 1140 4075 ll,
1166 3989 1242 4058 365.
1267 3987 1346 4056 nihil
1371 3985 1458 4056 aliud
1481 4011 1552 4055 eam
1576 3986 1699 4082 puellas
1725 3989 1870 4090 docuisse
1894 3987 1939 4056 ait

187 4105 249 4176 nisi
272 4125 391 4186 amare,
415 4123 454 4168 ac
477 4114 584 4168 tamen
606 4117 706 4169 tutam
729 4099 838 4186 fuisse,
862 4099 966 4169 verbis
982 4097 1037 4168 ille
1053 4099 1180 4192 quidem
1195 4125 1265 4166 cum
1282 4096 1428 4165 Maximo
1445 4096 1546 4191 Tyrio
1562 4098 1744 4184 concinens,
1761 4123 1796 4167 re
1818 4099 1936 4167 discre-

116 4307 121 4314 Ὦ
189 4239 287 4312 paus;
312 4210 462 4307 quoniam
485 4208 571 4277 idem
594 4227 689 4303 poeta
712 4210 846 4279 Heroid.
866 4221 916 4294 15,
929 4223 1005 4278 201.
1020 4208 1172 4278 infamem
1201 4231 1310 4278 earnm
1334 4229 1441 4274 amore
1465 4207 1594 4292 factam,
1619 4209 1736 4279 Suidas
1759 4207 1938 4302 impudicae

189 4320 423 4396 consuetudinis
452 4343 523 4388 cum
551 4317 664 4414 iisdem
692 4318 820 4390 habitae
845 4319 973 4389 crimine
1003 4335 1147 4388 notatam
1177 4317 1333 4396 scribunt,
1365 4317 1516 4410 quoniam
1543 4317 1708 4403 Horatius,
1739 4317 1778 4386 de
1809 4318 1938 4384 invento

184 4435 324 4532 poetico,
354 4431 526 4514 Ausonius,
556 4429 596 4498 de
620 4427 702 4496 saltn
731 4427 893 4498 Leucadio
922 4427 1067 4523 loquens,
1096 4425 1272 4495 mascrdam
1301 4425 1421 4510 dicunt3
1449 4427 1599 4521 qnoniam
1628 4426 1765 4496 Lesbiae
1789 4423 1938 4494 mulieres

187 4545 354 4614 foedarum
368 4539 534 4610 libidinum
549 4537 733 4608 criminibus
747 4537 944 4606 incusantur:
974 4536 1183 4633 Sapphonem
1203 4553 1366 4631 tamquam
1380 4535 1533 4634 τριβᾰδα
1557 4535 1763 4606 diffamarunt
1776 4533 1939 4604 Domitius

191 4653 380 4726 Calderinus
405 4667 437 4720 et
456 4650 670 4734 Britannicus,
695 4648 955 4740 credidemrrtque
979 4646 1155 4716 calumniae
1175 4671 1309 4733 omnes,
1328 4647 1430 4716 donec
1453 4671 1524 4715 eam
1547 4645 1576 4713 F
1577 4647 1638 4714 rid.
1661 4642 1813 4738 Theoph.
1833 4641 1937 4714 VVel·

189 4764 301 4835 cheros
332 4760 485 4856 singulari
509 4759 609 4847 libro,
641 4757 813 4854 Gottingae
829 4782 859 4827 a.
875 4757 971 4827 1816.
1000 4757 1097 4844 edito,
1125 4757 1277 4843 contudit,
1305 4779 1369 4851 quo
1399 4755 1483 4824 libro
1511 4755 1606 4824 iniis
1631 4777 1768 4854 quoque,
1792 4778 1872 4848 quae
1896 4755 1937 4826 de
