4242 5300
902 335 1117 466 *3-9-

131 539 285 640 χράσιος.
331 539 455 611 Confer
489 565 570 638 quae
600 539 821 610 annotavimus
851 485 967 635 fragm.
988 541 1147 612 XXXIV.
1192 542 1287 612 Adde
1314 540 1454 640 φλόγιος
1481 540 1595 637 fragm.
1616 543 1772 614 XLVJJI.
1817 546 1886 616 Sub

130 654 227 721 linem
249 652 370 720 omisso
386 649 542 738 τούτοισι,
567 649 784 720 Gr'otefendus
806 659 879 732 τοῖς
893 656 1039 747 ἑταίροις
1055 652 1168 740 σοῖσιν,
1190 650 1355 745 Volgc'rus
1378 661 1450 733 τοῖς
1465 656 1611 749 ἑταίροις
1629 663 1748 741 τοῖσιν,
1771 655 1885 724 Blom·

129 763 247 846 fieldus
267 758 370 842 τοῖςδ
383 761 533 858 ἑταίροις
553 767 688 840 τοῖσινς·
712 761 828 830 rectius
851 759 946 829 suerit
967 770 1039 842 τοῖς
1060 766 1207 858 ἑταίροις
1227 760 1361 834 τοισίδί
1394 762 1429 830 in
1451 762 1552 832 altero
1575 764 1660 832 enim
1682 755 1886 860 artimrli'po·

130 873 196 942 situ
217 897 331 966 parum
354 886 427 963 apte
450 870 557 952 amici,
586 869 640 964 qui
664 870 743 954 sint,
772 885 936 964 tamquam
956 897 1042 940 novo
1065 873 1283 941 additamento
1306 872 1474 958 liniuntur,
1489 873 1593 967 quasi
1614 889 1735 943 vertas:
1765 875 1886 960 amicis,

131 983 204 1052 dico
228 997 333 1050 autern
354 1003 444 1048 meos
467 995 612 1073 tuosque.
658 975 759 1050 Recte
783 981 896 1050 deinde
918 980 1177 1052 Blomlreldus'e
1202 980 1495 1075 Schweighaeuseri
1517 984 1697 1054 coniectura
1719 986 1817 1073 ι’μοῖς
1838 1014 1884 1057 τε.

130 1090 343 1184 Participium
359 1115 376 1158 e
397 1114 454 1158 sua
473 1089 616 1158 doctrina
635 1088 849 1160 Schneiderus
869 1106 901 1158 et
920 1089 1083 1184 Volgcms
1106 1093 1191 1160 exire
1212 1091 1323 1161 volunt
1342 1092 1373 1160 in
1387 1087 1493 1185 ἐυ-σα,
1511 1094 1723 1164 Blomlieldus
1743 1087 1887 1164 iu'o'e'dh:

130 1225 232 1295 aeque
254 1199 335 1270 lenis
357 1214 408 1269 est
428 1199 563 1268 mutatio
587 1223 607 1266 a
628 1200 723 1271 nohis
747 1225 845 1296 supra
866 1201 1098 1270 commendata.
1134 1201 1232 1284 Unde
1254 1225 1315 1272 nos
1338 1203 1385 1272 sic
1406 1219 1508 1275 totum
1525 1203 1631 1275 locum
1648 1204 1884 1274 emendandum

130 1327 299 1404 putamus:
1365 1399 1368 1406 Ι

1069 1417 1199 1504 Ἐλθέ,
1225 1419 1351 1519 Κάαρι,

662 1529 862 1624 χρυσιαισιν
884 1529 925 1600 ἒν
945 1534 1142 1602 κυλίκεσσιν
1163 1531 1290 1627 άβροῖς

663 1639 944 1728 συμμεμιγμένον
966 1645 1126 1711 θαλίαισι
1147 1644 1278 1738 νέκταρ

662 1745 859 1838 οἶνοχόιισα

130 1970 244 2054 Ades,
277 1969 407 2053 Venus,
437 1968 548 2037 aureis
571 1967 607 2036 ιἰι
630 1967 797 2037 culicibus
820 1977 944 2034 nectar·
965 1965 1163 2035 miru'stmns
1186 1969 1290 2035 suavi
1308 1967 1456 2036 mixtum
1479 1969 1656 2058 voluptate
1677 1966 1797 2036 actricis
1819 1967 1887 2035 tis·

132 2105 174 2162 σι
196 2080 280 2149 meis
303 2079 410 2148 simul
429 2079 574 2170 tuisque.
618 2074 656 2144 ln
679 2076 838 2146 locutione
860 2078 990 2172 νέκταρ
1012 2072 1197 2168 οἰνοχοεῖν,
1227 2093 1354 2171 sumpta
1376 2077 1432 2146 illa
1454 2103 1492 2146 ex
1514 2077 1674 2163 Homero,
1702 2077 1771 2147 noli
1792 2075 1885 2146 intel·

131 2191 231 2285 ligere
254 2190 378 2274 τίουσι,
410 2189 599 2257 sedverum
621 2201 734 2283 potum
757 2185 906 2272 deorum,
938 2211 1033 2280 quem
1063 2214 1100 2256 ex
1123 2213 1182 2258 sua
1203 2213 1289 2283 penu
1310 2187 1424 2257 Venus
1448 2213 1593 2282 promere
1615 2187 1757 2273 iubetur,
1793 2184 1887 2254 simul

131 2326 205 2372 cum
226 2299 376 2370 calicibus
399 2297 519 2381 aurcis,
551 2297 603 2366 vix
624 2296 659 2364 in
684 2294 872 2390 Sapphonis
896 2296 1090 2390 supellectile
1112 2299 1258 2393 repertis.
1303 2294 1419 2391 Neque
1441 2303 1568 2369 θαλιάι
1589 2313 1663 2366 sunt
1684 2295 1799 2382 flores,
1831 2283 1887 2364 aut

131 2407 318 2480 circumdati
345 2407 469 2501 poculis
496 2423 551 2476 aut
571 2406 694 2492 iniecti,
724 2431 827 2500 neque
853 2431 995 2498 ¹coronae
1024 2408 1227 2481 convivarum
1258 2408 1415 2503 capitibus
1438 2408 1624 2502 impositam
1657 2407 1715 2475 sed
1742 2422 1779 2476 ut
1800 2405 1887 2500 apud

100 2520 103 2526 ’
131 2519 315 2590 Pindarum
337 2533 369 2587 et
393 2517 550 2610 Tragicos
572 2515 670 2584 homo
692 2519 859 2612 κέκραται
879 2516 971 2612 ὥρᾳ,
1003 2514 1126 2616 deaei,
1158 2521 1390 2616 συγκέκραται
1410 2524 1529 2606 clareo,
1561 2515 1642 2611 alp,
1671 2518 1804 2612 ἐμίχθη
1832 2515 1883 2585 vel

133 2633 351 2726 προσιμιγθη
370 2625 500 2723 κράτει,
521 2625 671 2698 εὐθαλεῖ
687 2624 786 2720 reim,
808 2622 871 2702 σάν
889 2635 1023 2715 κακοῖς,
1046 2629 1094 2715 ἓν,
1106 2637 1232 2719 τιμαῖς,
1255 2644 1290 2698 ct
1304 2651 1414 2698 mersus
1435 2625 1557 2696 homini
1578 2625 1668 2722 ἄλγη
1692 2629 1886 2722 συγκίκρα·

133 2770 209 2821 ται,
235 2737 365 2828 πότμος
378 2738 534 2834 ’ἕμίχθψ
562 2737 608 2806 ita
630 2735 716 2830 apud
740 2733 949 2828 Sapphonem
970 2753 1079 2806 nectar
1100 2753 1150 2806 est
1172 2743 1334 2808 θαλίαισι
1357 2739 1652 2826 συμμεμιγμένον,
1680 2737 1715 2805 id
1737 2751 1787 2805 est
1808 2760 1883 2805 eon·

135 2852 276 2920 iunctum
293 2863 324 2916 et
343 2847 435 2942 quasi
450 2846 675 2928 consociatmn.
709 2843 816 2915 Locos
835 2845 976 2915 indicant
992 2845 1200 2938 lllusgravius
1219 2849 1261 2917 ad
1277 2845 1429 2939 Sophocl.
1445 2845 1554 2938 Antig.
1570 2844 1884 2916 1³11.·etSchwen-

136 2959 210 3029 lrins
240 2959 283 3028 ad
305 2955 455 3050 Aeschyli
477 2954 625 3050 Choeph.
640 2969 716 3037 707·
756 2954 905 3051 Ἀβροῖς
932 2955 1090 3026 noluimus
1119 2983 1191 3027 cum
1212 2956 1405 3026 Blomlieldo
1433 2956 1475 3025 ad
1506 2953 1673 3042 flexionem
1698 2954 1886 3024 femininam
1941 2971 1944 2985 ·

136 3069 282 3162 redigere
311 3067 344 3136 iu
371 3082 461 3135 taum
482 3065 708 3134 adiectirorum
730 3065 943 3136 communium
970 3091 1028 3161 per
1057 3091 1169 3135 omnes
1192 3066 1343 3138 dialectos
1366 3065 1523 3137 libertate.
1569 3065 1608 3133 ln
1639 3065 1700 3135 fine
1724 3063 1886 3158 Schweig-

133 3177 280 3249 haeuseri
301 3177 372 3249 cod.
386 3177 428 3246 A.
450 3179 511 3248 καὶ
532 3181 595 3248 σοι’.

268 3395 387 3470 Strabo
416 3395 442 3466 Ι.
464 3423 498 3491 p.
517 3411 570 3476 teo.
599 3396 682 3466 inter
709 3417 744 3466 sc
772 3395 938 3478 conferens
962 3396 1151 3481 Homerica,
1186 3400 1351 3493 Φοινίκην
1381 3400 1442 3468 καὶ
1470 3401 1670 3484 Σιδονίους,
1699 3393 1797 3494 'quue
1826 3399 1887 3466 καὶ

140 3510 348 3608 Γάργαρον,
378 3507 558 3601 Εὔβοιαν,
586 3512 752 3582 Χαλκίδα
771 3505 799 3580 τ’
816 3504 1007 3605 Εἰρέτριάν
1028 3537 1081 3596 τι,
1110 3506 1236 3602 Odyss.
1256 3514 1286 3580 δ.
1306 3516 1359 3576 33.
1381 3506 1474 3576 Iliad.
1491 3514 1531 3579 θ.
1551 3523 1605 3591 [ιγ.
1623 3512 1662 3600 β.
1681 3506 1757 3574 536.
1779 3504 1888 3575 addite

135 3626 210 3696 Καὶ
237 3616 384 3718 Σαπφώ

634 3726 692 3800 Ἤ
707 3755 742 3800 σε
765 3723 910 3824 Κάπρος
929 3728 952 3825 ἢ
974 3725 1100 3827 Πάρος
1121 3727 1144 3826 ἢ
1166 3725 1371 3824 Πάνορμος.

132 3840 214 3914 Siue
236 3850 271 3909 ta
296 3838 430 3934 Cyprus
453 3861 515 3904 seu
536 3837 680 3929 Paphus
703 3861 765 3906 seu
788 3838 997 3906 Panormus.
1043 3838 1170 3909 Similia
1193 3853 1283 3922 sunt,
1315 3861 1396 3932 quae
1426 3836 1511 3906 idem
1533 3835 1695 3930 componit
1721 3835 1778 3906 lih.
1794 3833 1887 3908 Vlll.

134 3981 168 4049 p.
189 3965 265 4031 auo.
287 3964 376 4034 extr,
399 3973 438 4016 ex
459 3971 560 4040 eoque
574 3947 764 4020 Etutathius
787 3947 821 4018 in
841 3947 934 4018 Iliad.
951 3953 989 4042 β.
1009 3973 1041 4044 p.
1057 3961 1131 4017 231.
1148 3946 1240 4033 Bas,
1262 3946 1488 4042 Hipponactis,
1511 3950 1677 4043 Κυπρίων
1698 3952 1804 4041 βέκος
1826 3953 1888 4022 καὶ

133 4062 386 4154 Ἀμαθουσίων
405 4054 536 4154 τιυρδνι
558 4057 733 4144 Alcmanis,
756 4055 901 4154 Κύπρον
923 4055 1071 4156 ἰμιρτάν
1086 4067 1226 4130 λιτιοῖσα
1246 4061 1306 4128 καὶ
1323 4055 1454 4156 Πάφον
1474 4055 1707 4153 περιρῤάτανι
1728 4057 1888 4154 Aeschyli,

136 4167 441 4269 ΚάαρουΠάφου
470 4163 498 4239 τ’
520 4171 651 4257 ἔχουσα
678 4167 794 4240 πάντα
823 4170 965 4267 κλῆρον.
1009 4168 1104 4238 Adde
1126 4166 1374 4264 Aristophanem
1402 4164 1540 4261 Lysistr.
1564 4173 1639 4236 833.
1668 4161 1723 4239 'dl
1753 4165 1888 4251 πότνια,

135 4281 279 4378 Κάπρου
301 4283 363 4350 καὶ
384 4273 565 4376 Κυθήρων
586 4280 646 4348 καὶ
664 4276 797 4376 Πάφου
817 4282 1000 4368 μεδέουσα.
1039 4277 1196 4348 Panonni
1217 4301 1333 4346 nomeu
1354 4291 1421 4346 tarn
1440 4274 1590 4373 hequem
1613 4292 1673 4364 est,
1696 4293 1729 4348 ut
1751 4301 1816 4346 non
1838 4275 1887 4348 fa·

134 4393 209 4478 eile,
239 4389 326 4462 cuius
348 4386 489 4480 regionis
512 4386 667 4482 oppidum
688 4387 862 4474 indiceteu,
892 4387 1059 4459 diiudicari
1079 4389 1200 4484 possit,
1228 4387 1417 4481 praesertim
1439 4413 1537 4484 quum
1558 4386 1674 4460 Venus
1697 4383 1828 4458 omniuo
1851 4385 1886 4456 in

133 4501 290 4602 portubus
312 4497 396 4571 culta
416 4496 523 4566 fuerit.
1162 4501 1170 4510 “

268 4719 460 4816 Apollonius
483 4717 522 4788 de
544 4705 850 4812 Pronom.p.1ou.
895 4721 968 4805 Σοί,
991 4714 1168 4800 Ἀττικῶς,
1189 4717 1316 4800 Ἴωνες.
1354 4716 1497 4800 Αιόλιῖς
1517 4719 1667 4806 ὁμοίαις·Ι
1694 4721 1757 4790 Σοί
1778 4717 1888 4812 δ’ἕγιδ

133 4831 263 4913 λευκάς
282 4836 452 4922 ιιιιδωμον
473 4824 582 4922 αι’γός,
606 4825 744 4930 Σασφά.
776 4832 837 4900 καὶ
856 4823 900 4900 τά
922 4823 1014 4900 κατά
1035 4827 1209 4902 ᾰιιόλυτον
1231 4825 1291 4902 διά
1311 4827 1373 4902 τοῦ
1390 4833 1432 4898 ἶ·
1466 4827 1671 4922 Κάαιλιίψιο
1692 4859 1754 4902 τοι.
