4242 5300
985 236 1077 330 ·t9

686 455 732 532 ai
749 459 787 532 δέ
807 457 856 558 μή
878 467 986 559 φιλεῖ,
1012 464 1147 554 ταχέως
1168 458 1299 562 φιλήσει

584 605 589 614 ¹
687 567 784 640 κωύκ
806 571 1002 642 ἕθέλοισαν.

612 687 654 749 95
683 677 800 750 Ἐλθέ
817 708 899 808 μιιιη
899 683 959 750 real
982 680 1064 764 νῦν,
1088 680 1248 773 χαλεπᾶν
1264 679 1304 754 δέ
1319 677 1427 752 λῦσον

685 791 726 860 iu
746 787 938 885 μιριμνᾶν,
965 789 1052 863 ὅσσα
1074 795 1117 864 ds'
1134 821 1196 882 μοι
1210 796 1366 863 τελέσσαι

685 896 802 1032 bqptic
824 902 976 995 ἱμέρῤει,
1002 903 1156 982 τέλεσόν,
1181 931 1223 974 ov
1213 899 1326 1044 δ’.
1301 898 1394 974 αὐτα

686 1004 868 1103 σύμμαχος
890 1015 978 1084 ἔσσο.

298 1171 394 1242 Solio
418 1170 558 1266 ossabne
572 1170 682 1265 sacto
708 1170 911 1260 conspicua,
947 1168 1062 1238 Venus
1089 1170 1309 1255 immortalis,
1328 1169 1458 1263 filial
1453 1175 1541 1259 oris,
1572 1199 1661 1268 quae
1683 1174 1781 1244 dolos
1804 1179 1922 1261 nectis,

166 1307 290 1376 precor
311 1293 352 1366 te,
377 1307 420 1350 ne
437 1281 521 1350 mihi
539 1281 660 1350 taediis
684 1289 747 1348 aut
766 1277 989 1362 maemrtfflbus
1013 1289 1148 1363 sancta,
1173 1281 1325 1348 animum
1341 1281 1455 1350 doma.
1485 1284 1558 1354 Sed
1571 1286 1638 1352 huc
1658 1309 1742 1370 rent,
1765 1287 1802 1354 si
1814 1312 1921 1394 quon-

171 1395 214 1463 do
241 1405 275 1462 et
299 1393 389 1460 alias
420 1416 535 1460 rocem
562 1414 674 1458 meam
695 1389 886 1481 percipiens
913 1389 1056 1457 multam
1084 1388 1277 1474 exaudisti,
1310 1391 1492 1484 patrisque
1518 1394 1619 1462 domo
1646 1395 1782 1480 relecta,
1819 1421 1921 1467 aureo

172 1503 294 1572 remsti
315 1525 421 1570 curru
452 1492 653 1568 subiuncta:
683 1497 887 1591 pulchrique
918 1508 952 1565 te
980 1497 1148 1584 vehebant
1175 1499 1283 1590 agiles
1306 1515 1470 1590 passeres
1500 1503 1591 1570 circa
1616 1504 1747 1596 nigram
1773 1507 1923 1575 tellurem

170 1613 303 1682 crebras
333 1611 495 1679 vibrant
450 1593 499 1676 les
510 1607 605 1676 alas
633 1633 656 1676 a
683 1608 780 1676 caelo
807 1605 955 1674 medium
976 1629 1044 1696 per
1068 1607 1245 1676 aetherem.
1283 1608 1472 1702 Corffestim
1498 1623 1613 1680 autem
1635 1615 1864 1683 advenerunt:
1888 1626 1924 1684 tu

171 1749 256 1807 vcro,
281 1723 394 1804 beata,
418 1718 598 1786 subridens
619 1716 809 1786 immortali
824 1738 903 1796 ore,
893 1715 1113 1819 quaerebas,
1137 1717 1221 1807 quid
1240 1717 1377 1785 landem
1397 1731 1488 1788 esset
1509 1721 1603 1814 quod
1619 1733 1771 1813 paterer,
1794 1727 1927 1818 etquid

169 1833 307 1903 tandem
329 1838 421 1897 esset
442 1828 536 1920 quod
557 1851 722 1908 vocarem,
751 1835 787 1892 et
810 1822 893 1916 quid
912 1824 1065 1890 maxime
1086 1847 1185 1890 meae
1208 1825 1327 1892 uellem
1349 1829 1480 1895 erem're
1504 1841 1654 1899 resonae
1674 1835 1797 1902 mentis
1824 1859 1923 1928 quem

168 1965 292 2011 rursus
314 1937 491 2064 pelliciam
516 1935 722 2003 inducens
706 1960 742 2004 ru
768 1957 931 2016 amorem,
954 1931 1029 2024 quis
1057 1942 1103 2014 te,
1126 1932 1284 2060 qupho,
1310 1934 1445 2003 violat?
1489 1925 1648 2030 Namque
1673 1966 1704 2008 st
1700 1942 1830 2034 'sugit,
1855 1947 1921 2013 cito

121 2059 406 2143 persequetur,
434 2047 469 2112 si
491 2046 584 2112 dona
608 2068 677 2112 nou
703 2041 910 2132 accipiebat,
934 2051 974 2109 at
997 2040 1106 2124 dabit,
1129 2043 1165 2110 si
1177 2061 1247 2109 non
1273 2053 1383 2126 amat,
1414 2043 1480 2111 celo
1509 2047 1642 2114 amabit
1665 2051 1721 2116 vel
1741 2047 1920 2122 nolentem.

172 2161 208 2230 V
204 2160 261 2238 eui
278 2158 358 2225 mehr
380 2178 470 2223 nunc
491 2177 633 2247 quoque,
658 2152 884 2245 gravibusque
907 2151 1003 2219 soloe
1025 2174 1072 2218 er
1090 2150 1193 2235 curis,
1221 2161 1256 2218 et
1275 2175 1497 2250 quaecunque
1514 2157 1678 2250 perficere
1701 2158 1837 2230 animus
1859 2163 1919 2230 mi·

168 2269 206 2338 hi
226 2267 339 2362 gestit,
361 2265 499 2360 perfice,
525 2262 668 2354 tuipsa
693 2259 849 2330 adiutrix
876 2271 960 2330 esto.

304 2432 453 2504 Carmine
481 2431 543 2500 hoe
571 2429 667 2500 utitur
694 2428 869 2524 Dionysius
901 2427 1199 2500 Halicamasseusis
1231 2431 1271 2500 de
1298 2423 1403 2528 comp.
1427 2434 1515 2503 verb.
1539 2459 1567 2503 c.
1588 2448 1641 2504 23.
1673 2461 1705 2530 p.
1728 2437 1793 2506 906
1818 2462 1919 2534 seqq,

166 2563 202 2616 ut
231 2545 441 2628 demonstret,
463 2541 620 2637 poetriam
642 2556 801 2624 nostram,
824 2538 942 2635 politae
967 2539 1191 2635 composiu'oni
1212 2541 1390 2628 addictam,
1418 2542 1575 2639 imprimis
1598 2546 1745 2616 suavitati
1768 2571 1919 2620 sonorum

167 2673 200 2728 et
220 2655 373 2724 mollitiae
398 2652 571 2751 studuisse,
603 2675 791 2744 omnemque
814 2650 848 2719 in
871 2645 1035 2718 elementis
1059 2648 1142 2718 inter
1164 2675 1199 2720 sc
1223 2651 1426 2722 contexendis
1456 2652 1636 2723 scabritiem
1665 2655 1831 2750 diligenter
1853 2660 1918 2730 evi·

167 2784 264 2837 tasse.
308 2760 399 2833 Nam
425 2787 485 2858 per
507 2778 606 2830 totum
629 2785 757 2830 carmen
780 2757 847 2828 sere
874 2758 1014 2884 legitime
1037 2758 1165 2829 vocales
1189 2776 1221 2830 et
1244 2785 1402 2830 consonas
1427 2762 1562 2831 variari:
1593 2762 1813 2836 insolentiores
1841 2793 1916 2840 con·

166 2901 318 2946 sonarum
342 2871 552 2941 connexiones
577 2871 628 2940 vix
649 2871 784 2965 quinque
806 2894 861 2938 sex
881 2867 1023 2953 inveniri,
1046 2893 1086 2938 ne
1109 2868 1200 2964 ipsas
1211 2871 1406 2995 ''quidem
1374 2871 1468 2940 nimis
1494 2873 1600 2958 duras,
1623 2899 1662 2942 ex
1681 2875 1837 2946 vocalium
1861 2903 1917 2950 au·

166 3005 231 3058 tem
251 2983 456 3055 concursione
480 2981 568 3050 hiare
589 2981 765 3049 orationem
788 2977 870 3048 iutra
888 2977 977 3074 ipsos
998 3003 1108 3046 versus
1133 2978 1229 3048 etiam
1251 2980 1389 3075 parciuS,
1412 2980 1445 3049 in
1470 2981 1613 3050 confiniis
1637 3009 1783 3053 versuum
1806 2990 1916 3083 paullo

164 3095 370 3191 frequentius
415 3088 576 3160 Nimirum
596 3088 808 3185 displicebant
830 3087 959 3173 rhetori,
982 3104 1017 3156 ut
1040 3079 1223 3158 cbniicimus
1247 3115 1285 3158 ex
1307 3089 1357 3171 iis,
1382 3113 1463 3184 quae
1487 3115 1585 3186 supra
1608 3119 1635 3165 c.
1652 3107 1705 3162 22.
1727 3095 1767 3164 de
1781 3096 1916 3172 Pindari

164 3207 343 3300 fragmento
365 3211 420 3280 t5
446 3202 541 3270 etde
567 3198 769 3294 Thucydidei
796 3199 901 3294 operis
925 3197 1059 3267 exordio
1080 3199 1266 3293 disputavit,
1295 3198 1426 3269 collisae
1450 3225 1611 3272 consonae
1634 3211 1680 3274 ah
1707 3227 1754 3272 vs.
1774 3221 1806 3292 7,
1833 3237 1914 3309 ⁰⁰¹9

165 3329 282 3401 vs.10,
305 3342 345 3386 νι
368 3310 641 3395 vss.15.16.27,
665 3335 713 3401 ιχ
735 3325 768 3378 et
787 3316 832 3380 od
852 3333 899 3376 vs.
915 3317 969 3393 25,
991 3309 1180 3403 compositio
1203 3308 1327 3377 mediae
1351 3308 1493 3403 syllabae
1518 3309 1666 3380 vocabuli
1689 3313 1843 3411 δινῆντις
1864 3345 1913 3389 vs.

167 3443 222 3514 11,
249 3423 439 3520 praesertim
463 3437 612 3514 sequente
636 3419 797 3499 litterar,
825 3415 962 3486 fortasse
990 3416 1109 3486 ibidem
1132 3415 1307 3487 cumulatae
1337 3443 1497 3488 consonae
1521 3449 1597 3509 one,
1626 3421 1760 3516 denique
1789 3425 1914 3518 syllaba

163 3537 274 3608 ultima
297 3530 444 3602 vocabuli
466 3530 640 3626 μεριμνᾶν
662 3554 712 3597 vs.
728 3528 779 3596 26.
827 3528 921 3598 Certe
949 3525 1166 3596 haecomnia
1189 3527 1327 3598 obnoxia
1350 3544 1441 3598 erant
1466 3530 1718 3626 reprehensioni,
1746 3531 1774 3599 si
1800 3539 1912 3610 eadem

164 3646 329 3719 severitate
357 3644 391 3710 in
415 3640 638 3735 Sapphonem,
667 3661 730 3733 qua
758 3637 792 3706 in
814 3635 992 3704 Pindarum
1021 3661 1059 3705 ac
1083 3635 1322 3730 Thucydidem,
1357 3639 1402 3708 uti
1429 3638 1575 3707 volebat:
1606 3664 1702 3733 quum
1730 3644 1911 3738 aequiorem

163 3783 198 3830 se
221 3756 294 3826 huic
316 3753 451 3822 iudicem
474 3750 668 3845 praebuerit,
693 3749 767 3818 dum
791 3745 875 3816 illius
899 3745 1024 3840 generis
1049 3744 1243 3816 offendicula
1261 3773 1323 3842 per
1346 3764 1446 3816 totum
1469 3771 1596 3816 carmen
1620 3750 1778 3820 senarium
1801 3781 1910 3831 nume.

161 3895 232 3940 rum
256 3864 405 3936 excedere
429 3875 541 3953 negat,
569 3857 631 3928 hoc
655 3875 761 3927 tamen
784 3882 821 3926 ex
845 3855 1025 3928 laudatione
1050 3855 1116 3924 eius
1140 3873 1224 3925 recte
1248 3857 1397 3950 colligere
1420 3857 1576 3941 videmur,
1606 3859 1748 3928 versibus
1774 3865 1814 3932 ab
1838 3867 1911 3964 ipso

162 3973 356 4050 conservatis
382 3995 509 4039 carmen
533 3967 712 4036 absolutum
736 3967 844 4036 luisse.
892 3965 991 4056 Quod
1011 3992 1107 4061 (ιιιιιιι
1127 3989 1144 4036 e
1165 3965 1236 4034 sola
1260 3966 1485 4036 sententiarum
1509 3965 1630 4036 ratione
1653 3993 1766 4062 parum
1790 3973 1909 4071 liquido

160 4087 365 4180 intelligatur,
387 4078 465 4150 nihil
489 4079 602 4147 eadem
624 4077 730 4163 habet,
754 4102 811 4166 cur
834 4077 902 4171 quis
927 4077 960 4145 in
984 4077 1143 4146 diversam
1168 4076 1356 4146 sententiam
1378 4076 1422 4144 ire
1446 4073 1546 4144 malit
1586 4079 1653 4147 Sed
1676 4078 1791 4149 latetur
1813 4113 1906 4180 prae-

161 4217 248 4270 terea
262 4191 447 4286 Dionysius,
470 4213 535 4256 uon
555 4186 650 4282 plane
670 4185 792 4255 hiulcas
814 4209 908 4255 voces
930 4185 981 4255 vel
1001 4185 1146 4256 mediis
1137 4213 1170 4254 m
1191 4186 1334 4256 versibus
1351 4183 1560 4280 Sapphonem
1582 4187 1746 4282 effugisse:
1769 4193 1803 4262 id
1823 4201 1907 4290 quod

161 4311 332 4380 admouere
356 4326 416 4370 nos
441 4299 544 4383 debet,
567 4323 606 4366 ne
630 4295 736 4364 illa'
709 4324 833 4392 aparte
819 4291 1003 4392 αἰθέρος
1026 4321 1074 4365 vs.
1093 4313 1143 4382 11,
1166 4294 1247 4366 ιιῶιι
1269 4292 1343 4385 e’pqi
1365 4319 1413 4364 vs.
1432 4311 1481 4381 17,
1505 4295 1658 4366 eiicienda
1680 4301 1784 4394 potius
1810 4330 1905 4396 quam

160 4445 218 4516 per
246 4411 462 4510 synaloephen
489 4407 635 4476 sananda
662 4429 858 4474 censeamus.
906 4405 1006 4495 Quod
1029 4407 1114 4474 enim
1132 4348 1199 4472 illis
1223 4404 1371 4473 detractis
1395 4406 1520 4474 unicum
1543 4425 1706 4477 remaneat
1734 4409 1803 4506 ἤρε’
1824 4413 1904 4506 ‹ip-n

160 4555 208 4600 vs.
227 4536 278 4612 15,
301 4519 498 4619 apostrophe
521 4517 646 4586 abunde
670 4514 815 4584 excusari
832 4515 906 4609 ,ipse
925 4513 1100 4607 Dionysius
1124 4514 1287 4598 concedat,
1310 4514 1363 4609 qui
1386 4515 1482 4584 etiam
1504 4516 1537 4584 in
1561 4515 1632 4585 loco
1651 4517 1823 4589 Pindarico
1848 4551 1903 4594 vo·
1968 4515 1976 4526 ’

159 4665 212 4710 ces
236 4633 351 4710 εὐκλέ’
375 4627 510 4728 a’yopoiu
534 4628 657 4698 silentio
681 4623 859 4694 trasniseu’t.
904 4620 1044 4692 Restant
1066 4623 1106 4692 ab
1129 4622 1244 4694 eodem
1266 4625 1367 4694 notati
1389 4625 1492 4694 hiatus
1515 4625 1679 4721 aliquoties
1701 4626 1735 4696 in
1758 4637 1904 4706 extremis

159 4749 301 4820 versibus
327 4741 466 4830 admissi,
491 4763 553 4835 que
577 4739 616 4808 de
642 4749 827 4833 argumento
853 4757 950 4830 supra
973 4733 1187 4804 disseruimus.

1506 4851 1584 4926 [θ’]
