4242 5300
947 288 1179 419 =5s

197 521 257 595 bns
276 523 310 593 in
324 521 366 608 II,
382 531 413 589 5.
438 519 581 603 diximus,
604 533 636 586 et
658 543 729 585 cum
748 515 916 613 participio
936 521 1029 614 φαῖς,
1050 515 1166 610 fragm.
1181 513 1402 586 LXXXVIII.
1421 511 1576 584 restituto.
1604 513 1723 586 Omnis
1742 505 1848 584 autern
1868 514 1958 586 baec

201 635 240 704 de
264 657 326 703 ovo
349 630 508 715 narratio,
540 627 625 722 qood
648 627 807 722 pepererit
831 623 998 712 Nemesis,
1029 626 1197 695 excluserit
1219 624 1326 711 Leda,
1360 626 1398 696 de
1424 649 1487 720 qna
1509 624 1609 694 multa
1632 623 1828 719 collegenrnt
1851 625 1955 694 inter·

197 760 305 842 pretes
321 739 441 838 Hygini
455 735 537 807 Fab.
552 753 606 822 Π.
631 754 663 806 et
677 737 821 830 Heynius
848 737 881 805 in
899 736 1053 831 Apollod.
1067 735 1127 821 111,
1148 749 1197 820 10,
1212 751 1245 820 γ,
1267 735 1342 804 inde
1365 759 1516 804 manasse
1540 734 1673 820 ridetur,
1696 734 1783 829 quod
1798 733 1955 804 Dioscuri

198 880 270 926 corn
294 850 431 935 Cabin's,
454 848 641 940 religionum
666 844 974 916 Samothracicarum
997 845 1187 930 numinibus,
1211 843 1344 930 confusi,
1368 846 1466 914 modo
1490 846 1620 930 eodem,
1643 869 1706 938 quo
1732 842 1955 938 Orphicormn

196 962 346 1046 Phanes,
372 987 411 1030 ex
435 983 496 1028 ovo
522 959 722 1027 crederentur
746 955 914 1052 prodiisse.
948 955 997 1025 Ut
1018 953 1112 1039 illud,
1140 979 1179 1025 ex
1203 979 1265 1049 quo
1289 953 1422 1024 Phanes
1445 953 1588 1026 exclusus
1613 970 1676 1040 est,
1704 954 1844 1048 primurn
1865 954 1954 1024 nube

195 1072 246 1142 rel
269 1087 357 1142 veste
380 1068 555 1140 involutum
576 1083 654 1152 erat,
677 1065 809 1134 docente
830 1063 989 1134 Creuzero
1010 1062 1154 1159 Symbol.
1176 1063 1220 1134 T.
1235 1063 1292 1133 III.
1316 1092 1349 1160 p.
1366 1079 1441 1150 299,
1463 1065 1509 1134 ita
1527 1062 1620 1132 Leda
1643 1063 1762 1137 invenit
1783 1061 1868 1135 citor
1889 1092 1953 1136 πε-

196 1183 432 1271 πυκαδμίνον.
472 1176 635 1248 Occultati
659 1175 721 1260 ovi,
745 1175 826 1244 sicut
847 1174 997 1270 mysticos
1023 1175 1101 1245 deos
1126 1173 1210 1244 vittis
1236 1175 1330 1246 condi
1353 1173 1467 1243 solitos
1492 1173 1630 1242 ostendit
1650 1173 1825 1243 Crenaerus
1847 1173 1892 1242 Τ.
1907 1172 1953 1241 Il.

195 1321 229 1388 p.
245 1299 327 1379 335,
350 1304 495 1386 superest
519 1286 674 1356 memoria
696 1285 728 1356 in
752 1283 876 1380 vulgari
898 1280 1023 1368 sabula,
1052 1284 1179 1378 quando
1202 1284 1376 1353 secundum
1395 1282 1629 1378 Apollodorum
1651 1283 1714 1368 III,
1734 1297 1831 1367 10,7.
1854 1307 1954 1352 orum

196 1425 218 1470 a
240 1418 369 1496 pastore
393 1395 500 1492 aliquo
525 1396 559 1466 in
581 1420 710 1467 nemore
733 1411 902 1489 repertum,
930 1394 1103 1463 secundum
1124 1392 1235 1464 Schol.
1261 1393 1384 1486 Odyss.
1401 1401 1433 1462 λ.
1449 1401 1525 1476 298.
1546 1417 1642 1461 ovum
1661 1417 1762 1478 suum,
1784 1391 1878 1460 Leda
1898 1387 1954 1472 εἰς

197 1509 371 1608 λάρνακα,
393 1508 427 1576 in
450 1505 563 1574 cistam
585 1504 720 1598 reponit
758 1504 869 1599 Ipsam
889 1501 1014 1572 Ledam
1038 1527 1132 1573 orum
1156 1527 1176 1572 a
1198 1501 1340 1572 Nemesi'
1352 1503 1471 1572 editum
1490 1502 1659 1588 invenisse,
1683 1527 1754 1572 cum
1774 1500 1953 1598 Sapphone

198 1621 295 1689 tradit
315 1615 425 1688 Schol.
442 1613 633 1684 Callimachi
655 1612 763 1706 hymn.
786 1613 820 1684 in
838 1612 939 1681 Dian.
956 1627 1031 1680 239.
1067 1610 1241 1682 Postremo
1265 1612 1354 1681 color
1375 1613 1584 1692 ὑακίνθινος
1606 1612 1702 1707 plane
1725 1611 1874 1680 mirificus
1898 1637 1952 1681 es·

196 1746 259 1814 set,
281 1727 344 1794 nisi
363 1747 522 1826 purpurea
541 1723 649 1792 omnia
669 1723 702 1792 in
727 1722 887 1816 mysteriis
909 1745 1172 1815 cognosceremus
1193 1748 1231 1792 cx
1252 1722 1411 1792 Crenzero
1432 1722 1476 1790 T.
1491 1721 1533 1789 11.
1553 1748 1587 1816 p.
1600 1729 1675 1791 358.
1719 1721 1783 1792 Ηίε
1803 1721 1953 1792 omnibns

198 1829 363 1932 reputatis,
381 1857 569 1929 persuasum
584 1831 747 1916 babemus,
763 1856 857 1900 ovum
872 1831 956 1903 istud
971 1832 1180 1902 ὑακίνθινον
1196 1835 1455 1930 πεπυκαδμενον
1469 1831 1590 1927 pariter
1604 1830 1815 1928 Sapphonem
1829 1857 1867 1900 err
1882 1857 1952 1924 my-

195 1945 276 2016 stica
301 1943 444 2015 doctrina
466 1941 716 2037 deprompsisse,
740 1966 779 2014 ac
799 1940 982 2010 Pausanias
1004 1965 1076 2010 eam
1098 1941 1229 2010 deorum
1249 1941 1389 2026 nomina,
1412 1942 1454 2010 de
1476 1941 1588 2035 quibus
1612 1939 1760 2036 fragmm.
1777 1939 1952 2010 CXXVII.

197 2053 387 2125 CXXVIII.
410 2052 523 2146 agitur,
544 2079 582 2120 ex
603 2050 794 2120 carminibus
818 2050 870 2135 iis,
891 2075 972 2144 quae
995 2049 1178 2145 aPampho
1198 2050 1381 2122 ferebantur
1400 2051 1587 2147 composita,
1611 2051 1785 2146 stunpsisse
1806 2065 1951 2120 testatis.

1012 2266 1137 2336 XXXI.

327 2380 446 2450 Pollux
460 2379 538 2466 Vll,
558 2379 607 2465 16,
622 2395 677 2462 73.
707 2377 773 2451 Ἐν
790 2377 840 2470 rei
858 2381 998 2468 πέμπτῳ
1019 2378 1089 2449 τεόν
1106 2375 1273 2474 Σαπφοῦς
1287 2375 1404 2466 μελῶν
1420 2377 1510 2450 ε’στιν
1528 2378 1659 2476 εὑρεῖν·
1679 2377 1787 2478 Ἀμφὶ
1804 2377 1950 2478 λάβροις

194 2499 344 2573 λαοσίοις
360 2487 401 2563 εδ
418 2486 568 2562 ἕπόκαοε.
597 2495 663 2559 καί
674 2519 778 2587 φασιν
794 2489 883 2562 εἶναι
898 2491 1011 2560 ταῦτα
1028 2485 1182 2559 σινδόνια
1199 2489 1468 2583 ἐπεστραμμένα.
1500 2487 1702 2580 Θεόπομπος
1718 2491 1757 2563 δέ
1772 2493 1812 2562 ir
1822 2489 1951 2564 Ὀδυσ-

195 2604 309 2675 σεῦσιν
331 2604 385 2671 ἐπὶ
402 2596 565 2670 διακόνου
588 2597 666 2695 ἔρι’),
691 2596 810 2670 λάσιον
827 2602 1111 2695 ἐπιβεβλημένος.
1143 2594 1246 2668 λόσια
1264 2597 1303 2669 dd
1319 2597 1467 2669 ἐκάλουν
1486 2597 1533 2671 roi
1551 2597 1710 2690 μαλλοδς
1726 2605 1855 2694 ἔχοντα
1874 2627 1951 2694 χει·

195 2709 394 2810 ρόμακτρα,
418 2709 464 2788 τός
486 2702 553 2778 ἀπό
575 2707 635 2806 τῆς
655 2707 854 2804 δασύτητος·
884 2707 968 2780 ὥστε
990 2706 1093 2780 οὐδὲν
1114 2704 1325 2788 noluissetis
1347 2706 1607 2798 ὀνομαζομένας
1627 2708 1808 2808 μαντῆλας
1828 2719 1951 2785 καλεῖν

196 2847 314 2892 ουτω.

287 2847 306 2900 ς
332 2927 465 2997 Circum
482 2926 694 3017 turgentibus
713 2928 849 3018 mappis
871 2927 998 2995 villosis
1021 2925 1106 2996 bene
1122 2925 1270 2994 ι’πυοίυίί.
1310 2926 1467 3023 Apposite
1482 2925 1644 2996 Barlrerus
1665 2944 1773 2997 annot.
1793 2927 1949 3025 inEtynn

84 3061 88 3064 ·
198 3037 251 3109 M.
275 3063 308 3136 p.
327 3043 421 3106 1063.
446 3034 566 3105 confert
589 3035 716 3127 glossas
737 3036 865 3121 Galcni,
888 3035 1033 3123 Aristar,
1058 3035 1226 3133 ocrddepr,
1251 3053 1283 3104 et
1302 3036 1467 3130 Hesychii,
1489 3043 1719 3137 λασιουργίας,
1742 3045 1948 3137 ίστουρνίας,

203 3144 357 3240 simulque
382 3142 534 3214 Salmasii
559 3145 600 3212 od
624 3142 806 3238 Vopiscum
829 3173 862 3240 p.
880 3158 955 3226 357.
980 3144 1235 3213 observationem
1260 3145 1420 3229 adscribit,
1444 3148 1498 3240 qni
1521 3147 1643 3216 villosis
1668 3149 1793 3244 mappis
1819 3150 1950 3219 demon·

199 3271 281 3326 strat
302 3271 424 3324 veteres
448 3275 524 3320 usos
549 3277 631 3322 esse.
661 3253 699 3320 ln
723 3253 908 3348 Sapphonis
933 3254 1036 3322 verbis
1061 3279 1126 3322 non
1151 3253 1309 3322 debebant
1330 3253 1475 3324 Pollucis
1500 3257 1636 3326 editores
1660 3265 1793 3338 λασίοις
1814 3283 1949 3356 repone·

198 3392 243 3453 re,
267 3389 363 3462 quarn
388 3387 464 3431 sane
489 3363 675 3457 scripturam
698 3363 810 3432 ceteris
834 3363 913 3432 locis
937 3379 1020 3432 recte
1044 3363 1139 3432 codd.
1165 3361 1321 3431 exhibent.
1352 3364 1488 3462 Λόβρα
1512 3365 1866 3450 dissimulabamus
1888 3369 1950 3440 ιαῖ-

197 3505 259 3568 μα,
283 3469 447 3566 ποταμός,
470 3472 552 3570 πῦρ,
575 3468 717 3552 καπνός,
741 3473 832 3566 quasi
854 3473 1017 3544 undantia.
1062 3471 1177 3542 Verba
1200 3470 1289 3570 ἀμφί
1310 3470 1456 3570 λάβροις
1479 3475 1616 3546 sortasse
1639 3503 1766 3548 rersnrn
1789 3479 1949 3568 liniebant,

198 3599 234 3654 ut
254 3583 381 3652 alterius
403 3581 526 3651 initium
548 3579 609 3650 talc
632 3599 725 3667 esset,
746 3589 896 3664 λασσίοις
916 3580 1103 3656 ε’πόνασσει
1127 3607 1319 3678 quamquam
1339 3583 1371 3652 id
1392 3611 1594 3683 nequaquam
1614 3604 1732 3657 certum
1752 3605 1810 3658 est
1845 3589 1948 3662 ’Emi-

199 3721 301 3769 ιιασσε
321 3691 481 3786 duplicato
500 3688 735 3792 'u'scripserunt
752 3691 932 3790 Volgerus,
954 3691 1184 3779 Blomheldns,
1207 3693 1380 3764 Barlrerus.

1003 3911 1142 3980 XXXII.

334 4017 533 4113 Hephaestio
555 4047 587 4114 p.
605 4021 659 4091 60.
688 4019 788 4091 Ἔστι
802 4005 849 4090 δι’
873 4016 1007 4090 πυκνόν
1032 4025 1072 4092 ἐν
1094 4031 1168 4101 τοῖς
1186 4017 1464 4100 α’ντισπαοτινοῖς
1483 4026 1722 4122 τετραμίτροις
1739 4017 1952 4128 καταληπτι-Ι

201 4134 277 4209 νοῖς
295 4131 355 4198 καλ
373 4126 413 4198 τό
431 4126 495 4226 τήν
514 4133 681 4226 δευτέραν
699 4127 814 4227 μόνην
833 4126 1095 4225 ἀντισπαστικῆν
1114 4137 1209 4229 ἔχον,
1231 4127 1259 4222 ᾧ
1278 4135 1393 4228 μέτρῳ
1413 4138 1568 4228 ἔγραψεν
1587 4132 1724 4228 ᾄσματα
1745 4144 1803 4210 καλ
1821 4141 1950 4241 Σαπφιί

200 4240 255 4312 ἐπὶ
273 4236 336 4309 τοῦ
353 4234 519 4330 ἑβδόμου·

589 4327 623 4398 Γ
619 4332 740 4396 λυκεῖα
757 4327 878 4422 μᾶτερ,
902 4323 997 4396 οὗτοι
1017 4323 1168 4416 δύναμαι
1185 4329 1315 4424 κρόκην
1335 4325 1399 4400 τόν
1420 4323 1527 4412 ι’στόν,

590 4429 690 4522 πόθῳ
714 4441 861 4524 δαμεῖσα
883 4433 1015 4522 παιδός,
1043 4433 1221 4533 βραδινοῖν
1243 4437 1283 4508 δι’
1301 4436 1523 4536 Ἀφροδίταν.

202 4543 327 4616 Dulcis
350 4551 476 4621 mater,
499 4563 567 4610 ποπ
584 4565 730 4631 possum
746 4545 901 4636 profecto
920 4547 1062 4636 pulsam
1086 4547 1206 4631 telam,
1230 4549 1398 4618 desiderio
1418 4551 1546 4620 densita
1566 4557 1681 4641 pueri,
1703 4557 1865 4646 gmcilem
1882 4581 1950 4650 pet·

207 4652 378 4724 Venerem.
422 4649 534 4743 Vulgo
556 4652 714 4746 ιιρίκεινι
752 4652 916 4724 Aeolicum
943 4655 1058 4725 ilerum
1087 4657 1237 4726 debemus
1261 4657 1362 4730 codici
1384 4657 1444 4745 C.,
1475 4686 1513 4728 ex
1536 4685 1600 4754 quo
1622 4665 1717 4732 etiam
1739 4667 1773 4736 in
1795 4667 1948 4764 Hephae·

204 4760 315 4836 stionis
343 4761 446 4834 verbis
474 4761 530 4838 ἐπὶ
551 4762 613 4837 τοῦ
634 4759 790 4856 ἑβδόμου
818 4785 877 4858 pro
899 4763 1028 4857 vulgato
1055 4765 1269 4865 inimicanti
1290 4772 1316 4840 ε’.
1339 4768 1554 4864 recipiendum
1576 4797 1662 4858 esse,
1690 4775 1723 4844 in
1751 4779 1949 4874 expositione
