4242 5300
1009 283 1067 374 ta

98 519 102 524 '
158 506 310 600 inthesin
330 505 521 602 deprimere,
543 528 644 599 eaque
658 529 697 574 re
713 519 848 573 meamn
863 519 1078 598 asynarteturn
1097 506 1212 576 Iacere.
1242 506 1291 575 Ut
1305 507 1510 576 Hermannus
1525 507 1632 578 Elem.
1649 512 1749 588 doctr.
1765 531 1855 584 metr.
1877 543 1911 610 p.

159 629 235 688 225.
250 617 312 686 hoc
327 631 418 712 putat
431 616 523 684 metri
537 614 667 684 schema
682 639 775 685 esses
793 617 1056 713 osso—p-—ol
1068 623 1168 684 aad·
1182 631 1364 686 υ-υ-ῡ.

290 726 417 796 Ver'sns
436 723 560 794 Aeolici
578 741 706 819 praeter
725 750 813 809 eom,
838 723 890 818 qui
909 722 1024 792 librom
1044 725 1224 794 secundum*
1239 725 1387 809 obtinuit,
1411 727 1496 821 apud
1515 728 1672 821 poetriarn
1691 748 1837 802 nostram
1863 761 1913 804 re-

158 835 244 934 perti
266 851 340 904 sunt
366 834 547 904 hexameter
568 832 789 917 catalecticus,
820 831 936 927 fragm.
956 833 1113 919 XXXIII,
1146 859 1240 929 quem
1268 851 1395 930 praeter
1417 835 1693 931 Hephaestionem
1723 842 1781 910 sub
1809 845 1912 913 nomi·

119 1007 121 1012 ,
156 973 198 1016 ne
220 945 343 1015 Aeolici
365 961 398 1014 et
419 942 574 1038 Sapphici
596 949 698 1024 ἔπους
724 942 776 1012 vel
797 945 925 1038 μέτρου
949 945 1100 1040 ἡρωιιιοῦ
1127 960 1306 1012 memorant
1327 944 1438 1012 Draco
1461 972 1493 1041 p.
1515 961 1587 1028 1³9.
1602 947 1706 1053 ¹Elias
1729 947 1918 1028 Monachus,

156 1083 191 1151 p.
206 1064 261 1138 78.
285 1051 518 1148 Moschopolus
533 1079 571 1148 p.
584 1052 636 1130 a6.
653 1077 707 1149 ap.
731 1053 889 1135 Titzium3
912 1061 979 1122 mm
993 1069 1190 1150 pentameter
1205 1054 1416 1140 catalecticus,
1432 1053 1581 1148 lragmm.
1597 1055 1756 1127 XXXIV.
1768 1059 1918 1131 XXXV..

157 1163 322 1253 XXXVIt
351 1165 532 1232 tetrameter
553 1163 758 1248 acatalectus,
782 1162 896 1256 fragm.
911 1161 1090 1249 XXXVII,
1114 1164 1202 1232 cuius
1224 1163 1403 1259 exemplum
1425 1162 1511 1232 salso
1534 1167 1661 1237 doctrine
1685 1168 1841 1264 Sapphici
1864 1169 1913 1240 di·
1957 1213 1962 1234 .

156 1273 249 1344 metri
271 1271 531 1368 hendecasyllabi
553 1297 592 1342 ex
615 1288 790 1368 anapaesto
814 1271 989 1342 catalectici
1011 1271 1072 1340 hoe
1094 1272 1192 1342 habet
1213 1271 1301 1342 ll'lar.
1316 1272 1443 1342 Victor.
1465 1301 1498 1367 p.
1514 1285 1611 1357 2591.
1638 1277 1797 1368 Rapiant
1812 1279 1911 1346 hede-

62 1421 64 1424 ·
155 1407 214 1452 tas
237 1383 303 1451 cito
327 1382 544 1461 Maenadas5
571 1381 685 1451 deinde
712 1399 893 1451 tetrameter
913 1380 1134 1468 catalecticus,
1165 1382 1519 1478 sragmm.XXXVIIl.
1534 1379 1689 1456 XXXIX.
1709 1385 1783 1456 XL.
1821 1387 1913 1456 Con·
1970 1385 1972 1397 '

156 1491 256 1564 iuncti
277 1491 424 1562 videntur
444 1491 651 1587 pentametri,
682 1491 764 1560 alter
786 1491 988 1561 catalecticus
1011 1493 1044 1559 in
1067 1490 1239 1586 syllabam,
1263 1492 1343 1562 alter
1363 1493 1397 1562 in
1420 1492 1624 1588 disyllabum,
1647 1494 1763 1588 fragm.
1777 1495 1868 1564 XLI.

220 1652 226 1663 .
289 1601 342 1669 Ex
364 1601 605 1685 choriambicis,
638 1601 691 1694 qui
713 1601 755 1669 ab
779 1601 926 1669 anacrusi
947 1601 1133 1694 incipientes
1162 1603 1196 1671 in
1217 1604 1350 1673 brevem
1368 1603 1512 1671 ordinem
1535 1603 1756 1697 logaoedicont
1785 1623 1908 1690 exeunt,

157 1714 238 1783 duas
261 1711 384 1807 species
408 1735 428 1778 a
451 1710 627 1804 Sapphone
649 1725 818 1804 usurpatas
841 1709 1041 1804 Hephaestio
1064 1726 1207 1795 testatur,
1230 1712 1377 1798 alterurn,
1400 1728 1435 1780 ut
1456 1712 1533 1807 ipse¹
1549 1713 1704 1809 appellat,
1726 1715 1868 1784 Ionicum
1891 1739 1911 1784 a

157 1823 277 1891 maiore
298 1821 474 1890 timeamn
497 1817 714 1903 acatalectnm,
739 1817 841 1911 qualis
865 1818 968 1887 estin
990 1819 1105 1912 fragm.
1121 1819 1246 1904 XLVI,
1269 1821 1403 1890 alterum
1417 1820 1559 1891 Ionicum
1582 1847 1601 1892 a
1622 1825 1742 1892 maiore
1765 1841 1912 1894 tetrame-

156 1948 239 2004 tmm
261 1929 480 2012 acatalectum,
504 1954 598 2022 quem
619 1943 753 2023 propter
773 1926 970 2022 frequentem
990 1927 1176 2024 Sapphonis
1198 1945 1291 1996 usum
1305 1928 1471 1998 Aeolicum
1493 1931 1690 2000 nominatum
1710 1932 1912 2028 Hephaestio

156 2057 189 2112 et
212 2038 336 2110 Tricba
359 2065 392 2133 p.
410 2048 462 2106 35.
478 2049 532 2107 50.
555 2037 697 2122 tradunt,
730 2052 761 2105 et
784 2037 870 2105 cuius
893 2036 988 2106 hodie
1011 2053 1135 2107 restant
1155 2037 1335 2132 fragmenta
1359 2055 1506 2133 quattuor
1533 2041 1606 2110 inde
1635 2041 1780 2110 aXLll.
1825 2044 1912 2113 lnter

154 2148 386 2222 choriambicos
410 2174 481 2216 cum
504 2145 591 2233 basi,
614 2145 665 2214 vel
687 2162 722 2214 ιιι
744 2172 815 2214 cum
838 2145 1078 2242 Hephaestione
1101 2148 1279 2242 loquamur,
1303 2149 1543 2243 antispasticos,
1566 2149 1594 2218 is
1618 2149 1671 2243 qni
1693 2148 1911 2244 frequentissi-

155 2284 226 2330 mos
250 2275 328 2344 erat,
350 2271 531 2326 teaameter
553 2255 756 2342 acatalectus,
778 2272 814 2325 ut
835 2255 951 2327 librom
967 2257 1099 2330 tertam
1121 2257 1278 2342 obtinens,
1301 2257 1411 2354 paullo
1435 2275 1507 2328 ante
1531 2275 1683 2328 tractatus
1706 2277 1764 2328 est.
1802 2260 1909 2330 Porro

153 2370 280 2442 Ploa‘ns
313 2395 347 2463 p.
366 2366 467 2435 2658.
498 2365 773 2456 Autispasticum
803 2375 1034 2434 tetrametram
1059 2367 1372 2460 hypercatalectum
1388 2363 1609 2459 Sapphicam
1628 2371 1677 2462 fit
1703 2369 1910 2455 ditrochaeo,

152 2479 268 2572 lappio
292 2477 401 2560 tertio,
425 2477 573 2571 syllaba,
595 2476 711 2567 bippio
737 2477 847 2558 tertio,
871 2477 1029 2570 syllaba.-
1058 2479 1260 2567 Pauperam
1282 2479 1446 2548 tabernas
1469 2479 1556 2570 regis
1580 2502 1600 2546 o
1625 2479 1761 2546 benum
1784 2505 1912 2572 regam·

153 2582 358 2684 paestanis.
389 2583 468 2656 Non
478 2584 581 2655 alium
595 2610 723 2654 versum
739 2585 976 2656 Grammaticus
1001 2587 1086 2672 dicit,
1109 2587 1171 2654 nisi
1188 2588 1274 2656 cirins
1290 2587 1470 2683 exemplum
1492 2589 1625 2683 praebet
1639 2586 1754 2681 fragm.
1769 2587 1911 2674 XLVII,

153 2697 227 2770 licet
240 2698 268 2768 is
292 2714 324 2766 et
338 2696 464 2766 ab'ista
488 2696 699 2792 descriptione
722 2711 755 2765 et
776 2695 817 2764 ab
840 2696 988 2792 exemplo
1003 2695 1122 2766 Latino
1144 2697 1260 2764 mhum
1283 2715 1434 2792 qnantum
1455 2698 1566 2767 distet:
1589 2699 1634 2768 ita
1650 2698 1733 2768 enirn
1750 2699 1919 2770 existima-¹

153 2835 187 2878 re
209 2833 270 2878 nos
292 2808 380 2876 iubet
400 2831 518 2875 nomen
540 2805 768 2902 praepositum,
793 2806 878 2901 quod
900 2807 934 2875 in
954 2803 1140 2902 Sapphonis
1163 2831 1289 2875 versum
1312 2809 1406 2891 cadit,
1428 2832 1493 2876 non
1516 2809 1601 2877 cadit
1621 2809 1654 2876 iu
1678 2833 1803 2878 versum
1819 2809 1910 2880 Lati·

153 2945 231 2988 num
254 2917 363 2988 autin
386 2915 617 3011 expositionem
638 2915 750 2984 Plotii.
788 2915 913 2986 Veram
933 2942 975 2986 ne
998 2915 1068 3011 quis
1091 2915 1173 2984 sorte
1196 2915 1336 3002 obiiciat,
1359 2942 1418 3010 per
1440 2942 1579 2988 errorem
1602 2917 1729 3012 quidem
1750 2918 1830 2989 illud
1851 2945 1910 2989 no·

152 3055 228 3100 men
253 3026 326 3098 huic
348 3025 452 3096 re‘rsoi
475 3049 495 3094 a
517 3025 737 3095 Grammatico
760 3025 897 3122 imponi,
928 3025 1131 3096 nihilosecius
1155 3041 1260 3096 autem
1286 3043 1413 3122 praeter
1435 3025 1525 3095 illum
1548 3028 1788 3122 antispasticum
1812 3046 1909 3098 tetra·

152 3155 287 3208 meanm
309 3135 611 3232 hypercatalectum,
640 3136 707 3205 eius
730 3135 827 3204 etiam
847 3133 970 3204 lormae
993 3160 1118 3222 versus,
1151 3135 1238 3206 cuios
1262 3136 1304 3206 sit
1325 3136 1461 3205 Latinus
1483 3136 1561 3223 iste,
1590 3139 1677 3233 apud
1700 3138 1909 3234 Sapphonem

153 3247 285 3345 reperiri
306 3246 467 3344 potuisses
494 3240 633 3315 breviter
654 3245 897 3342 explicabimus,
922 3270 985 3341 qua
1007 3271 1042 3316 re
1064 3245 1191 3316 Plotius
1213 3246 1358 3316 inductos
1384 3245 1441 3331 sit,
1467 3262 1503 3316 ut
1525 3263 1670 3316 nostrum
1693 3274 1818 3316 versum
1843 3266 1909 3320 tarn

156 3383 257 3454 prave
280 3355 483 3428 describeret.
512 3355 660 3426 Primum
680 3372 784 3426 autern
803 3372 839 3425 ιιι
859 3356 1013 3453 expositio
1035 3355 1246 3426 Grammatici
1267 3373 1299 3426 et
1317 3355 1496 3450 exemplum
1516 3356 1699 3443 subiectum,
1724 3383 1804 3451 quae
1824 3385 1908 3430 nunc

152 3469 237 3539 inter
253 3492 294 3554 se
320 3467 490 3553 dissident,
517 3467 551 3536 in
576 3467 780 3537 concordiam
802 3467 1001 3560 redigantur,
1029 3491 1089 3562 pro
1113 3467 1217 3536 verbis
1242 3466 1328 3558 regz's
1353 3490 1374 3535 o
1400 3466 1537 3536 beatum
1562 3467 1763 3536 scribendum
1787 3485 1836 3537 est
1859 3494 1908 3538 re·

153 3589 208 3648 cte
223 3580 378 3647 beatum.-
401 3593 452 3647 est
470 3578 555 3646 euim
574 3577 601 3646 is
621 3601 733 3646 versus
754 3575 908 3646 conflatus
930 3603 968 3647 ex
983 3576 1169 3648 Horatianis
1187 3575 1515 3664 Carm.l,t„ta.1t.
1535 3592 1567 3645 et
1587 3575 1651 3645 illis
1671 3576 1813 3646 eiusdem
1830 3604 1909 3675 poe·

153 3705 204 3759 tae
227 3687 333 3757 verbis
350 3686 460 3756 Carm.
475 3687 537 3774 IV,
555 3703 586 3774 9,
599 3689 652 3766 46.
682 3688 810 3756 Deinde
823 3703 866 3771 ιιι
883 3686 979 3782 plane
999 3687 1195 3781 respondeat
1215 3687 1376 3781 expositio.
1390 3685 1453 3780 ipsi
1471 3685 1585 3770 versui,
1601 3685 1634 3753 in
1656 3709 1718 3778 quo
1734 3685 1814 3756 alias
1836 3712 1907 3759 cor·

104 3797 106 3802 ’
152 3794 297 3895 ruptelae'
320 3795 442 3864 nullom
466 3813 516 3866 est
536 3797 696 3882 indicium,
719 3813 794 3894 post
817 3796 1007 3866 vocabulum
1031 3796 1226 3880 ditrochaeo
1250 3797 1454 3868 inserendum
1477 3810 1528 3865 est
1548 3795 1721 3885 spondeo:
1743 3821 1820 3866 nam
1843 3815 1910 3869 aa·

151 3907 243 3978 chaei
262 3905 389 4002 quidem
412 3929 529 3975 nomen
552 3907 710 3978 interdurn
731 3906 859 4002 ponitur
882 3907 921 3976 de
944 3905 1138 3992 ditrochaeo,
1162 3931 1229 3976 non
1249 3907 1326 3976 item
1343 3903 1519 3974 ditrochaei
1544 3903 1583 3972 de
1606 3903 1722 4000 triplici
1745 3907 1907 3980 eochaeo.

152 4019 249 4088 Hanc
276 4016 372 4110 igitur
393 4013 549 4102 formam,
581 4049 1315 4102 -u—o----a-—---u--,
1345 4013 1472 4084 Plotius
1504 4013 1638 4108 putabat
1666 4015 1908 4113 antispasticum

151 4129 279 4200 induere
302 4149 411 4222 posse,
436 4127 585 4220 deceptus
609 4127 681 4221 ipsa
703 4129 825 4198 ratione
847 4127 1070 4223 antispastica,
1094 4127 1153 4196 etsi
1176 4154 1209 4222 p.
1225 4126 1322 4194 2655.
1347 4121 1593 4192 choriambicam
1617 4123 1731 4196 horum
1756 4153 1904 4200 versuum

152 4237 414 4334 compositionem
437 4235 629 4305 intellexisse
654 4236 740 4306 visus
764 4254 824 4307 est.
870 4238 1089 4329 Quumenim
1109 4236 1218 4321 metri,
1245 4236 1331 4330 qood
1353 4231 1550 4320 illustrabat,
1583 4235 1762 4332 exemplmu
1785 4238 1906 4308 nullum
2022 4324 2023 4332 ἵ

151 4347 283 4420 haberet
304 4345 477 4441 cognitum,
500 4371 538 4415 ex
557 4345 744 4424 Horatianis
768 4347 891 4416 laciniis
915 4373 1042 4416 versum
1066 4345 1317 4442 qualemcunque
1341 4343 1474 4430 consuit,
1498 4345 1695 4414 insecenda
1718 4348 1794 4416 sede
1819 4347 1904 4416 cuius

150 4475 237 4528 esset
260 4456 466 4554 dispondeus,
490 4455 573 4526 tertii
597 4456 765 4550 antispasti
789 4455 915 4549 syllaba
938 4457 1042 4526 finalis
1067 4474 1099 4526 et
1119 4456 1223 4552 prima
1244 4454 1391 4549 dipodiae
1410 4454 1567 4549 iambicae
1589 4470 1768 4523 contractae
1789 4472 1907 4526 essent.

150 4568 215 4638 Hic
249 4583 353 4636 autern
382 4573 492 4637 'versus
526 4565 757 4635 choriambieus
786 4591 858 4634 cum
889 4566 961 4634 basi
992 4583 1173 4636 tetrameter
1201 4563 1401 4637 catalecticus
1433 4565 1467 4634 in
1501 4565 1647 4634 ordinem
1677 4562 1908 4657 logaoedicum,

151 4679 335 4748 coniunctos
357 4695 421 4762 est,
445 4677 576 4746 sirecte
596 4675 850 4762 emendarimus,
875 4703 946 4746 curn
966 4701 1060 4745 versu
1081 4675 1264 4746 choriambo
1283 4675 1428 4746 breviore
1450 4674 1566 4770 fragm.
1582 4671 1739 4742 XLVIII.
1767 4672 1820 4744 De
1842 4675 1908 4745 alio

149 4814 250 4858 versu
267 4787 311 4858 ita
334 4787 459 4858 Plotius
483 4787 622 4857 ibidemz
652 4787 927 4879 Antr'spasticum
951 4797 1187 4857 tetrametram
1215 4787 1455 4856 catalecticum
1472 4782 1684 4875 Supplicem
1705 4783 1908 4876 Priapcium
