4274 5290
1027 219 1166 351 sa

178 486 334 580 insignis:
363 485 498 554 eandem
528 483 620 554 facile
652 486 762 554 credas
790 484 992 555 maestiorem
1021 485 1083 555 dici
1107 485 1156 553 vel
1187 483 1333 552 omnibus
1366 484 1425 552 vcl'
1446 508 1519 568 uua,
1550 507 1630 576 quae
1650 499 1777 579 practer
1805 499 1925 552 ceteras

178 597 303 666 abiecto
338 595 448 664 ‘animo
483 593 635 663 notabilis
672 593 775 663 fuerit.
834 594 944 688 ltaque
981 596 1009 664 si
1049 595 1259 678 statuerimus,
1295 595 1485 660 sententiam
1512 617 1621 660 versus
1652 593 1767 688 prioris
1790 593 1824 660 in
1848 592 1925 660 alte-

177 733 248 774 rum
285 705 423 801 porrigi,
466 730 536 773 cum
571 703 767 772 nominativo
795 704 845 772 vel
879 703 1023 772 vocativo
1065 709 1266 774 Μνασιδίκα
1296 718 1370 795 apte
1402 717 1602 770 construetur
1637 701 1769 770 verbum
1804 698 1925 791 τύχοις

179 817 237 903 ἂν,
270 814 356 908 quod
378 839 395 882 e
415 813 547 882 lectione
571 813 641 882 cod.
659 813 697 882 C.
713 829 745 880 et
759 811 915 906 Stephani
938 810 1042 880 elicuit
1056 810 1277 879 Blomfieldns.
1322 813 1353 878 A
1382 812 1478 879 verbo
1504 811 1623 902 τύχοις
1651 828 1742 906 aptus
1769 827 1818 879 est
1839 809 1927 902 geni·

180 926 261 994 tivus
287 922 512 1020 α’σαροτέρας,
542 938 692 1016 sequente
719 922 871 990 adverbio
898 918 1053 1010 οὐδαμοὶ,
1086 945 1148 1013 qua
1181 919 1219 986 de
1254 920 1407 1014 scriptura
1440 921 1639 990 consentiunt
1667 918 1860 989 GaisIordus
1896 933 1929 988 ct

178 1032 400 1104 Blomfieldus.
446 1029 584 1099 Restant
607 1031 696 1115 haec,
721 1029 877 1127 πὺρανα,
906 1028 954 1101 ἐπ’
979 1026 1110 1126 τόράνα,
1132 1026 1179 1101 ἐπ’
1202 1027 1355 1125 ὑράναν,
1378 1028 1573 1126 έπὺραναν,
1596 1027 1642 1102 ἐπ’
1657 1027 1789 1126 'sipara
1829 1028 1927 1096 Gais-

179 1142 290 1211 fordus
311 1158 343 1210 et
361 1141 571 1208 Blomlieldns
590 1167 641 1210 πω
660 1137 797 1236 ’ρανναζ
831 1165 894 1235 quo
924 1140 1065 1234 reposito
1092 1137 1146 1207 ille
1178 1155 1279 1207 totum
1314 1164 1439 1208 versum
1470 1141 1515 1210 sic
1542 1141 1780 1234 interpretatur:
1808 1137 1928 1206 Fasti-

179 1253 302 1320 dr'osne
323 1251 444 1342 magis,
468 1273 575 1341 περιτο
597 1250 710 1316 adhuc
732 1249 790 1334 tut‘,
814 1273 834 1318 o
859 1249 1029 1332 amabilis,
1063 1271 1202 1338 compos
1213 1249 1325 1341 sacta
1346 1273 1433 1317 sum.
1454 1272 1460 1282 ·
1478 1249 1621 1342 Uterque
1644 1249 1729 1316 enim
1750 1247 1833 1316 hunc
1856 1272 1926 1315 ver·

181 1385 252 1428 sum
273 1361 315 1429 ah
338 1359 438 1428 altero
461 1357 605 1451 seiungit,
637 1357 755 1452 alioqui
777 1385 842 1428 non
863 1358 1000 1427 fuissent
1016 1359 1113 1426 istam
1135 1351 1409 1453 compellationem
1432 1359 1614 1452 probaturi:
1640 1385 1680 1427 ne
1701 1383 1784 1425 nunc
1807 1358 1846 1426 de
1868 1381 1927 1424 vo-

180 1471 242 1540 cali
270 1483 296 1540 ᾶ
326 1484 471 1561 correpta
502 1467 724 1560 disceptemus.
772 1467 882 1557 Quum
909 1485 1015 1536 autem
1036 1468 1161 1560 integra
1184 1467 1341 1536 sententia
1365 1467 1557 1560 depravatae
1579 1463 1653 1536 illae
1675 1468 1798 1536 litterae
1822 1464 1927 1534 omitti
1974 1504 1980 1517 .

181 1581 318 1704 possint,
344 1578 449 1646 tale''
427 1603 469 1647 ns
491 1575 680 1646 vocabulum
701 1578 826 1676 videtur
847 1577 1011 1696 contineri,
1036 1600 1099 1670 qao
1121 1578 1169 1644 vis
1191 1577 1285 1646 unius
1309 1602 1347 1644 ex
1369 1575 1501 1706 reliquis
1525 1576 1715 1672 amplificata
1731 1578 1783 1646 sit.
1826 1574 1929 1645 Velut

181 1689 210 1758 si
233 1688 406 1759 scribatur:

553 1793 809 1890 Εὑμορφοτερα
841 1797 1040 1864 Μνασιδίνα
1068 1791 1132 1872 τᾶς
1162 1792 1298 1872 ᾰπαλᾶς
1329 1798 1505 1890 Γυριννους

550 1902 769 2000 ᾰσαροτέρας
794 1899 916 1992 οὐδάμ’
944 1901 1124 1997 ὑπωρᾶνια
1155 1905 1259 1972 σέθεν
1284 1901 1400 1994 τὺχοις
1429 1902 1486 1974 ἄν.

180 2010 386 2082 Formosior
411 2033 514 2101 quum
544 2013 609 2095 sis,
644 2005 868 2094 Μισείὺἰσσ,
901 2031 1005 2103 quam
1035 2022 1157 2079 tenero
1192 2011 1365 2104 Gyrinno,
1403 2013 1626 2082 maestthre'm
1659 2035 1829 2103 nusquam
1864 2008 1929 2076 snb

182 2123 290 2192 caelis
311 2131 413 2188 temet
428 2120 508 2210 ipsa
527 2122 708 2211 repereras.
760 2121 930 2213 Synizesin
952 2120 1109 2190 vocalium
1130 2121 1168 2181 ὦ
1188 2121 1350 2213 tetigimus
1374 2122 1408 2189 in
1430 2121 1543 2216 fragm.
1566 2119 1697 2203 XXVI:
1731 2122 1838 2214 ipsum
1860 2117 1929 2186 lle·

181 2230 403 2328 phaustionem
426 2247 458 2298 et
478 2228 540 2300 hoc
561 2229 631 2300 loco
656 2247 687 2298 et
709 2228 823 2323 fragm.
839 2228 913 2297 LII.
944 2231 1036 2299 metri
1069 2255 1181 2300 caussa
1207 2239 1253 2297 νᾶ
1276 2231 1443 2324 scripsisse
1467 2233 1693 2316 existimamus,
1730 2229 1814 2297 sicut
1842 2226 1929 2320 apud

182 2337 355 2431 Virgilium
377 2340 459 2408 Aen.
474 2339 535 2424 Vl,
553 2356 605 2408 33.
629 2364 734 2407 omna
754 2339 925 2408 nonnullos
948 2341 1120 2434 protrdisse
1151 2339 1247 2408 tradit
1268 2339 1430 2408 Maximus
1453 2337 1638 2410 Victorinus
1669 2365 1702 2432 p.
1721 2339 1816 2422 1960.
1860 2335 1929 2406 Ρο-

181 2464 295 2517 testate
317 2472 378 2543 par
399 2464 448 2517 est
469 2447 531 2516 hoc
552 2448 754 2547 ὑπουράνια
776 2449 908 2519 dictioni
923 2447 1085 2544 Sophistis
1101 2449 1256 2543 frequenti
1276 2450 1348 2520 ταῖν
1367 2449 1426 2545 ὑφ’
1447 2451 1531 2542 ἡλίῳ
1553 2449 1603 2519 vel
1617 2447 1675 2547 ὑφ’
1696 2449 1809 2541 ἥλιον,
1834 2469 1931 2542 quarn

181 2555 229 2627 illi
251 2558 445 2650 coniungunt
466 2583 537 2625 curn
559 2557 680 2646 οὐδεὶς,
711 2557 825 2649 μόνος
843 2575 876 2627 et
897 2585 968 2631 cum
990 2559 1202 2655 superlativis.
1246 2559 1347 2628 Iidem
1375 2559 1515 2629 scribunt
1537 2557 1671 2648 πάντες,
1702 2561 1795 2630 πᾶσα
1817 2558 1840 2649 η’
1861 2551 1932 2628 :ind

182 2663 249 2738 τὺν
278 2666 390 2760 ἥλιον.
435 2665 583 2736 Breviter
612 2667 674 2736 hoe
704 2692 803 2761 genus
835 2666 987 2762 loquendi
1017 2668 1166 2763 explicuit
1191 2668 1367 2737 Dorvillius
1399 2671 1442 2738 ad
1469 2669 1592 2738 Charit.
1616 2697 1649 2764 p.
1663 2678 1737 2737 511.
1754 2678 1829 2735 530.
1874 2665 1939 2736 Sic·

182 2775 353 2870 Euripides
376 2774 448 2844 Ate.
468 2786 540 2844 151:
563 2774 652 2869 γυνή
672 2775 795 2873 α’ρίστη
819 2781 888 2849 τῶν
909 2777 968 2876 ὑφ’
988 2780 1074 2872 ἡλίῳ
1095 2779 1230 2874 μακρῷ.
1269 2778 1410 2848 Similius
1427 2779 1522 2848 etiarn
1535 2779 1580 2846 D.
1596 2779 1703 2846 Lucas
1725 2779 1800 2846 Act.
1813 2778 1930 2870 Apost.
2035 2797 2036 2800 ’

184 2898 214 2970 2,
231 2895 260 2952 5.
284 2881 356 2955 n’rrd
378 2882 509 2963 παντὺς
531 2891 662 2966 ἔθνους
684 2887 754 2957 τῶν
775 2885 846 2956 ὑπὺ
869 2885 933 2957 τὺν
954 2885 1123 2984 ου’ρανὺν.
1180 2886 1278 2976 Quod
1309 2888 1383 2956 licet
1411 2889 1439 2956 is
1469 2914 1507 2956 ox
1536 2889 1697 2958 Hebraica
1726 2889 1850 2956 ratione
1880 2887 1930 2954 lo·

184 2993 301 3087 quendi
323 3009 478 3060 mutuatus
503 2994 553 3078 sit,
575 3010 608 3062 at
620 2995 780 3062 Homerus
804 2997 918 3063 eadem
941 2997 972 3064 vi
992 2996 1114 3088 Odyss.
1130 3027 1152 3065 ι.
1169 2996 1243 3074 365.
1275 3000 1351 3068 Turi
1372 2995 1421 3089 (λη’
1439 2999 1504 3069 νὺν
1524 3027 1562 3089 γε
1583 3000 1748 3089 μέγιστον
1769 2993 1930 3092 ὑπουρὺ-

183 3131 260 3174 νιον
282 3104 382 3181 κλέος
405 3105 521 3206 ἐστίν.
553 3101 600 3169 Et
620 3101 712 3171 Iliad.
728 3133 759 3174 τι.
775 3117 850 3171 212.
890 3107 993 3195 Μέγα
1022 3107 1084 3175 κέν
1114 3113 1154 3176 οἱ
1171 3103 1393 3203 ὑπουράνιον
1420 3110 1520 3187 κλέος
1548 3116 1599 3204 εἴη
1622 3106 1768 3188 Πάντας
1790 3105 1841 3179 ἐπ’
1863 3104 1930 3176 rir-

186 3209 365 3308 θριὺπουςζ
412 3212 536 3279 Contra
568 3211 631 3278 rim
667 3211 840 3307 particulae
876 3212 1016 3308 plerique
1049 3213 1294 3308 interpretantur
1332 3216 1479 3309 gloriam,
1514 3242 1594 3311 quae
1628 3216 1750 3286 caehr'm
1779 3216 1931 3306 attingat:

183 3320 280 3388 immo
309 3320 403 3420 iunge
433 3323 599 3410 μέγιστον
614 3319 857 3418 ὑπουράνιον,
893 3321 1112 3418 ὑπουράνιον
1132 3327 1185 3394 ἐπὶ
1208 3323 1352 3411 πάντας,
1392 3327 1558 3420 ipsumque
1590 3329 1689 3406 κλέος
1711 3321 1930 3421 ὑπουράνιον
2004 3383 2006 3388 .

183 3427 246 3498 tale
269 3446 328 3514 est,
353 3428 445 3522 quale
469 3429 582 3498 dicitur
603 3430 694 3498 Iliad.
710 3459 742 3523 η.
759 3441 834 3509 551.
849 3439 925 3508 558.
948 3438 1098 3519 ἔσεσθαι,
1124 3432 1210 3504 ὅσον
1233 3431 1261 3504 τ’
1272 3437 1488 3505 ἐπικίδναται
1509 3433 1588 3526 ἠώς.
1634 3435 1700 3506 Sed
1722 3436 1929 3503 Hermannus

182 3537 289 3607 Elem.
315 3539 414 3606 doctr.
433 3554 523 3608 metr.
550 3565 603 3668 p.
598 3555 760 3617 533553.
793 3541 938 3635 scripsit:
974 3541 1230 3639 Εὑμορφοτέρα
1262 3548 1462 3615 Manacarta
1493 3549 1554 3625 τοῖς
1585 3548 1722 3624 ἁπαλοῖς
1750 3547 1785 3615 Γ
1780 3542 1930 3635 υρινντὺς
2018 3573 2024 3582 ·

181 3646 427 3771 Ἀσαροτέρας,
450 3645 560 3718 οὑδἰ
543 3647 603 3739 οἶμ’
625 3648 796 3745 ὑπωραῖα,
819 3653 924 3721 σέθεν
947 3659 1104 3742 τυχοῖσα.
1151 3653 1250 3736 Sic,
1240 3653 1350 3746 rnquit,
1374 3654 1540 3746 scripsisse
1564 3655 1687 3723 videtur
1708 3653 1853 3748 Sappho,
1877 3676 1928 3720 se·

182 3773 247 3825 met
276 3757 381 3851 ipsam
412 3755 582 3824 consolans
614 3758 759 3852 exemplo
787 3758 1000 3842 lllnasidicae‚
1040 3783 1144 3851 quam,
1186 3759 1258 3830 licet
1280 3777 1312 3831 et
1332 3762 1553 3831 formosiorem
1576 3779 1608 3832 et
1629 3762 1763 3888 adhuc'
1754 3788 1825 3858 rpso
1848 3761 1929 3870 flore

183 3865 294 3935 aetatis
317 3865 518 3958 gaudentem,
542 3868 709 3962 superbius
732 3867 828 3936 etiam
849 3867 1030 3937 tractaverit
1053 3867 1209 3982 Gyrirrno.

996 4087 1118 4158 XLIII.

314 4191 497 4262 Athenaeus
519 4193 596 4266 XV.
617 4221 650 4290 p.
668 4196 744 4280 687.
767 4222 796 4266 a.
818 4223 857 4266 er
885 4197 1034 4288 Clearchi
1064 4201 1103 4269 de
1134 4199 1204 4269 vitis
1234 4199 1316 4270 libro
1339 4199 1430 4270 tertio
1452 4199 1531 4270 haec
1554 4203 1725 4300 excerpsit:
1763 4198 1930 4295 'Ypsisd'
1978 4203 1980 4210 '

183 4310 300 4375 οίεσθε
329 4301 393 4394 τήν
416 4302 605 4437 ἁβρότητα
633 4310 739 4438 χιρρές
769 4306 896 4436 αρετῆς
922 4315 1018 4399 ἒχειν
1046 4339 1079 4378 τι
1101 4307 1331 4441 τρυφερόν,·”
1335 4317 1449 4381 καίτοι
1475 4311 1618 4442 Σαπφοῖ,
1643 4313 1733 4408 γυνή
1752 4315 1820 4404 μέν
1841 4335 1927 4405 προς

183 4410 356 4504 α’λήθειαν
387 4411 474 4483 orion
503 4417 564 4484 καὶ
593 4413 764 4512 ποιήτρια,
800 4416 893 4505 ὅμως
922 4415 1058 4514 ῄδθσθι]
1085 4417 1125 4489 τὺ
1155 4417 1266 4490 καλὺν
1287 4419 1347 4512 τῆς
1369 4419 1568 4518 ἁβρότητος
1590 4421 1741 4554 α’ρελεῒν,
1774 4423 1926 4510 λέγουσα

184 4519 267 4592 adda·
310 4517 403 4612 ’Eycd
423 4521 463 4592 δέ
483 4530 606 4622 φίλημι
627 4523 860 4655 oisspporirorv,m
868 4531 932 4596 καί
947 4555 1009 4616 μοι
1031 4523 1073 4597 rei
1094 4525 1256 4659 λαμπρόν
1279 4533 1360 4625 ἔρος
1379 4529 1485 4602 αελίτο
1507 4535 1566 4602 καὶ
1589 4561 1629 4602 το
1620 4530 1754 4603 καλὺν
1769 4530 1925 4619 λέλογχε

182 4628 339 4728 φανερόν
366 4635 513 4701 ποιοῦσα
540 4634 654 4720 πᾶσιν,
686 4634 731 4760 qis
752 4635 790 4763 vj„
796 4636 860 4704 τοὺ
880 4636 939 4728 ζῆν
961 4637 1152 4727 ἐπαθυμία
1154 4635 1196 4709 rd
1221 4636 1386 4737 λαμπρον
1408 4639 1532 4712 real
1490 4671 1530 4713 το
1561 4639 1673 4713 ratde
1703 4637 1795 4731 εἶχεν
1824 4637 1926 4732 αὑτῇ.

183 4742 293 4812 ταὺτα
314 4737 342 4812 d
354 4737 506 4812 εστὶν
467 4749 579 4813 otnero
599 4745 661 4835 τῆς
680 4739 817 4840 αρετῆς

2128 777 2129 818 l

2123 861 2129 964 1
