4274 5290
975 251 1188 381 Q

202 465 279 534 riter
301 459 444 546 oblatum
464 457 591 529 retineri
613 472 748 552 poterat,
772 481 844 530 cunr
866 456 1033 552 participio
1055 461 1136 556 pale
1158 471 1382 526 constructum.
1423 455 1562 546 Quibus·
1575 454 1679 526 verbis
1702 454 1841 525 iunctum
1863 457 1959 544 fiterit

203 589 239 642 ιιι
260 571 452 642 conradum
474 567 578 656 εἶκεν,
611 566 732 636 cessit:
767 567 795 635 si
818 567 903 636 enim
925 565 1005 635 ordo
1028 566 1197 636 verborum
1223 565 1435 663 perturbatior
1458 566 1596 650 videtur,
1629 565 1742 634 similis
1765 567 1957 636 traiectionis

205 679 351 776 exempla
373 678 527 774 praebent
551 674 724 744 Elmsleius
747 675 791 744 ad
809 675 922 771 Eurip.
942 675 1035 745 Med.
1056 677 1132 754 ιι60.
1155 692 1188 746 et
1206 673 1369 768 Reisigins
1392 675 1519 744 Comm.
1540 675 1609 744 crit.
1631 675 1670 744 de
1692 674 1847 769 Sophocl.
1869 677 1957 746 Oed.

204 789 279 862 Col.
295 805 326 875 9.
373 789 441 861 Sed
463 786 534 882 quis
557 801 606 856 est
626 784 680 854 bic
701 783 835 857 Daren
853 783 904 853 vel
927 783 1049 870 Dares,
1080 784 1133 880 qui
1154 786 1307 855 adversus
1330 783 1514 854 Vulcanum
1537 784 1640 878 potnit
1661 784 1696 857 in
1717 801 1878 854 certamen
1900 787 1955 856 de·

176 913 177 918 ’
203 898 381 971 scandere?
411 893 484 968 Nec
505 893 663 965 sacerdoti
686 893 738 962 dei
759 919 819 963 uec
839 892 897 964 ulli
918 893 1048 964 mortali
1069 891 1191 962 bomini
1213 893 1292 963 illud
1316 893 1490 970 convenit,
1509 892 1684 963 Praeterea
1705 894 1872 987 probabile
1896 911 1955 980 est,

199 1011 234 1078 in
256 1006 511 1078 terminationem
532 1021 590 1082 tu'r
610 1003 739 1073 nonnisi
763 1001 973 1076 illanomina
994 1001 1090 1098 vulgo
1117 1005 1151 1073 in
1172 1019 1215 1096 ῆς
1237 1001 1383 1072 cadentia
1406 1001 1529 1075 deflexa
1550 1027 1638 1090 esse,
1670 1026 1803 1097 quornm
1824 1004 1955 1098 genitivi
1987 1009 1991 1016 “

198 1127 238 1202 δὲ
251 1143 365 1215 purum
378 1115 513 1186 babent:
536 1110 654 1209 Δάρης
669 1113 806 1185 numnis
822 1112 977 1206 genitivos
994 1127 1041 1182 est
1055 1110 1235 1210 Adpproe„
1254 1109 1326 1180 Nee
1341 1127 1435 1180 vacat
1449 1111 1621 1182 offensione
1639 1101 1787 1182 articulus
1803 1114 1835 1182 in
1851 1115 1954 1182 nouri-

199 1257 238 1300 ne
260 1225 407 1324 proprio,
437 1224 500 1292 nisi
526 1223 685 1292 inseratur
706 1220 873 1318 particula.
918 1220 1064 1292 Habebis
1094 1220 1284 1316 particulam
1306 1221 1476 1306 insertam,
1507 1218 1641 1290 babebis
1669 1241 1787 1291 nomen
1809 1221 1954 1292 flexionis

198 1339 296 1408 modo
319 1334 515 1429 designatae,
541 1329 675 1401 babebis
698 1329 888 1402 vocabulum
910 1329 987 1417 eius,
1016 1333 1162 1426 quicum
1184 1329 1335 1410 Volcano
1357 1330 1462 1423 possit
1484 1331 1659 1414 decertare,
1690 1332 1719 1399 si
1742 1332 1908 1425 scripseris
1931 1334 1953 1402 ὁ

197 1447 395 1544 δ’”Αρεος.·
427 1444 525 1512 Mors
551 1463 630 1510 vero
656 1441 776 1523 cessit,
805 1439 954 1510 ιιιίιιοιιισ
979 1464 1018 1508 se
1039 1440 1233 1510 Vulcanum
1256 1439 1291 1508 οἱ
1317 1439 1554 1508 abducturum.
1595 1437 1724 1536 'Aperte
1750 1454 1784 1508 ut
1805 1439 1953 1511 Aeolium

198 1579 349 1654 expresse
371 1568 499 1622 notatur
521 1549 561 1618 ab
585 1545 755 1619 Eustatbio
777 1547 811 1618 in
832 1547 968 1622 Iliade.
990 1576 1024 1644 p.
1041 1563 1115 1632 392.
1138 1564 1170 1618 et
1192 1571 1212 1616 a
1235 1547 1462 1618 Chocrobosco
1484 1549 1519 1617 in
1542 1546 1724 1618 Theodosii
1747 1549 1894 1619 Gramm.
1917 1577 1951 1646 p.

201 1682 296 1751 1007.
315 1675 410 1740 1000.
432 1662 466 1729 iu
480 1658 625 1728 Auecdd.
642 1657 701 1727 Gr.
716 1655 864 1726 Beldseri.
902 1658 1077 1728 Infinitivus
1099 1657 1276 1753 praesentis
1299 1657 1346 1730 illi
1368 1657 1457 1727 verbi
1478 1653 1588 1754 φάναι
1609 1657 1861 1760 interpretationi
1883 1685 1951 1730 uon

197 1787 365 1900 repugnat,
387 1785 422 1839 ιιι
443 1769 621 1837 monuimus
643 1768 678 1834 in
698 1765 814 1862 fragrn.
834 1765 928 1837 XVI.
973 1766 1026 1836 De
1050 1767 1168 1835 Martis
1190 1764 1393 1861 Vulcanique
1415 1767 1615 1836 contentione
1638 1766 1718 1838 nibil
1741 1767 1869 1838 alirmde
1893 1795 1948 1840 co-

185 1884 321 1980 gnitum
342 1894 406 1950 est.
445 1893 528 1948 certe
550 1890 685 1972 possunt
706 1876 826 1970 pariter
847 1875 929 1945 inter
951 1900 986 1945 se
1007 1874 1168 1970 litigasse,
1202 1899 1240 1944 ac
1263 1876 1413 1945 Minerva
1434 1892 1466 1945 ct
1488 1871 1661 1971 Neptunus
1684 1877 1724 1946 de
1747 1878 1824 1947 urbe
1846 1879 1948 1950 Athe·

196 2017 328 2076 narum,
363 1986 413 2059 vel
442 1986 621 2057 Mercurius
651 1999 684 2053 et
710 1983 804 2055 Mars
834 1986 1006 2054 secundum
1035 2011 1161 2056 versum
1190 1985 1369 2070 Corinnae,
1404 2009 1498 2079 quern
1524 1984 1715 2079 Apollonius
1742 1989 1880 2057 servavit
1907 1991 1949 2060 de

57 2091 58 2096 ¹
195 2103 350 2172 Pronom.
373 2124 407 2195 p.
398 2106 476 2180 9.5.
506 2093 692 2164 Priscianus
716 2110 832 2180 autem,
855 2095 884 2164 si
906 2095 993 2191 apud
1009 2093 1167 2166 Graecum
1190 2095 1387 2190 scriptorem,
1410 2093 1633 2163 Herodianum
1653 2093 1803 2183 fortasse,
1825 2124 1865 2167 ex
1885 2123 1947 2193 quo

196 2211 362 2309 superiore
382 2206 499 2278 latetur
520 2203 634 2300 petita,
669 2227 796 2272 versum
819 2203 1005 2299 Sapphonis
1028 2205 1162 2274 tuendae
1185 2203 1308 2272 formae
1324 2205 1451 2300 Apsos
1473 2204 1667 2300 adscriptum
1689 2206 1826 2292 viderat,
1858 2227 1947 2304 post·

196 2345 292 2418 quam
314 2317 460 2411 neglecto
482 2310 680 2408 apostrophe
702 2311 837 2408 Aopeds
858 2312 953 2406 legit,
985 2314 1072 2384 idern
1094 2339 1211 2382 nomen
1233 2314 1266 2383 iu
1288 2313 1393 2409 ipsam
1415 2313 1670 2400 observationem
1690 2314 1805 2385 intulit.
1851 2319 1946 2410 Quos

195 2455 270 2503 vero
293 2439 458 2520 comparat
477 2422 692 2492 nominativos
713 2419 940 2519 Ἀντιφσιευς
961 2440 993 2492 et
1014 2417 1231 2520 Pppvoreeis,
1259 2421 1293 2492 bi
1314 2421 1466 2508 fortasse,
1489 2447 1646 2518 nusquam
1667 2423 1757 2511 lecti,
1779 2428 1947 2522 excogitati

161 2539 269 2610 'sunt
290 2539 331 2607 ob
355 2557 449 2605 casus
463 2532 618 2625 obliquos
639 2529 870 2629 Ἀντιφατῆα,
886 2532 1081 2630 Γηροσνῆιᾈ
1104 2532 1306 2630 Γηρυονῆα,
1336 2554 1415 2627 quos
1437 2529 1557 2605 habeut
1578 2531 1740 2606 Homerus
1764 2536 1887 2631 Odyss.
1911 2567 1944 2611 ν.

197 2666 271 2728 ιιι.
293 2663 326 2716 et
347 2643 509 2716 Hesiodus
532 2638 659 2732 Theog.
675 2646 751 2724 087.
767 2652 842 2723 009.

326 2971 515 3069 Apollonius
538 2971 577 3040 de
591 2969 748 3039 Pronom.
770 2969 895 3066 p.tt16.
919 2971 958 3040 de
981 2970 1171 3067 pronomine
1190 2970 1375 3064 possessivo
1398 2993 1554 3068 personae
1574 2971 1699 3042 tertiae:
1724 2970 1866 3058 Λίολιῒς
1879 3006 1943 3065 μι-

191 3085 236 3160 τοὶ
256 3083 321 3159 τοῦ
340 3083 377 3152 F
395 3078 487 3152 κατσῖ
507 3078 621 3151 πᾶσαν
643 3080 765 3150 πτῶσιν
786 3082 845 3148 καὶ
866 3082 980 3170 γένος·
1015 3078 1088 3152 Tor
1109 3077 1168 3151 ἑὸν
1189 3085 1299 3152 παῖδα
1318 3088 1428 3153 καλεῖ.
1465 3079 1611 3179 Σαπφώ..

323 3191 573 3262 Filiumsuum
599 3200 709 3257 cocat.
754 3187 896 3257 Reitaius
921 3188 963 3256 ad
984 3189 1029 3256 ls.
1048 3189 1163 3258 Vossii
1181 3189 1261 3258 Exe.
1289 3215 1321 3284 p.
1338 3203 1413 3266 000.
1440 3205 1473 3258 et
1494 3189 1659 3260 Beklrerns
1686 3189 1792 3281 Fsdr,
1826 3196 1941 3266 rectius

152 3351 154 3358 ,
190 3307 328 3378 fortasse
350 3299 493 3394 Heynius
516 3299 595 3370 Ere.
611 3296 652 3367 ll.
676 3297 717 3368 ad
733 3296 874 3369 Iliade.
890 3303 967 3374 080.
995 3313 1027 3366 et
1045 3295 1207 3390 Volgerus
1232 3295 1334 3369 Γόν.·

1029 3515 1103 3587 XC.

323 3627 514 3726 Apollonius
537 3625 577 3695 de
595 3623 750 3694 Pronom.
773 3652 807 3721 p.
798 3641 899 3705 ..ιιιιι
929 3621 1070 3707 Αἰολεις
1090 3625 1286 3724 α’μμέιιρον
1312 3629 1418 3700 eol
1393 3655 1511 3718 αμμον
1537 3631 1640 3700 καὶ
1617 3658 1735 3719 υμμον
1762 3636 1823 3704 eorl
1843 3634 1940 3733 σφόν.

192 3737 334 3836 Σαπφώ·
374 3737 462 3828 Εμέ
482 3741 601 3826 τιμίαν
623 3735 796 3832 ἐποίησαν,
819 3741 905 3832 ἔργα
925 3733 972 3808 eei
993 3733 1206 3836 spondulum.

322 3845 382 3916 Me
403 3846 634 3916 honorabilem
644 3845 822 3937 fecerunt,
846 3868 950 3936 opem
973 3870 1040 3918 sua
1064 3829 1261 3915 tribuentes.
1305 3846 1422 3916 Musas
1445 3846 1591 3941 intelligit
1610 3848 1786 3943 Volgems.
1826 3852 1939 3924 Codex

191 3986 318 4058 spreto
339 3961 540 4053 spadorum.-
571 3953 707 4026 correxit
729 3953 772 4024 ls.
788 3953 927 4026 Vossius
942 3955 1023 4024 Exc.
1046 3981 1079 4050 p
1071 3971 1171 4044 .,ιιο0
1196 3957 1251 4050 qui
1271 3956 1341 4052 ipse
1364 3983 1402 4028 cr
1423 3957 1504 4027 libro
1527 3959 1669 4054 prodidit
1690 3968 1883 4056 οφαδοιοας.

1017 4170 1049 4238 Χ
1098 4221 1106 4239 .

321 4280 567 4352 Choeroboscus
588 4284 669 4378 ,περι
689 4281 759 4354 τῶν
781 4277 880 4363 eise
906 4169 1133 4373 datorciiilin
1154 4280 1232 4351 Aldi
1254 4281 1366 4352 Cornu
1387 4285 1498 4378 copiae
1527 4312 1559 4381 p.
1581 4287 1663 4371 268,
1695 4287 1878 4379 genitivum
1892 4293 1935 4362 ab

187 4397 339 4472 Aeolibus
362 4407 395 4460 et
414 4387 603 4460 Laconibus·
622 4389 746 4483 syllaba
765 4395 814 4470 ῦς
835 4389 998 4461 tenniuari
1020 4392 1130 4460 docete
1162 4396 1221 4463 καὶ
1242 4392 1403 4488 δηλοῦσιν
1431 4400 1477 4464 αἱ,
1490 4393 1624 4491 χρήσεις
1646 4397 1754 4477 οὕτως
1774 4404 1957 4488 ἔχουσαν·

196 4508 247 4583 tt*
268 4506 307 4582 dd
326 4507 365 4577 ἐκ
388 4497 538 4596 tanum
560 4495 793 4589 ἀμελγόμεναι
813 4505 880 4592 μέν
901 4529 955 4575 τοι
976 4503 1082 4599 φέρω·
1109 4505 1169 4573 καὶ
1190 4501 1269 4599 παρ’
1280 4501 1372 4596 αὐτῇ
1392 4505 1436 4601 τῇ
1456 4511 1607 4602 Σαπφοῖ·
1635 4501 1746 4578 Ma‘to
1769 4506 1812 4606 o.)
1834 4538 1937 4582 ueno-

186 4621 319 4718 ρημένη
340 4636 495 4709 oropyas.
