4242 5300
1036 248 1097 346 48

196 469 238 537 ad
255 462 373 536 Catull.
388 490 422 560 p.
437 477 508 547 101,
533 461 585 555 qui
607 485 719 556 pamm
741 457 873 528 feliciter
895 460 1027 530 coniecit
1049 461 1249 530 scribendum
1271 460 1366 558 πρωῒ
1381 464 1527 556 ἔμινονς
1549 460 1719 531 assentitur
1733 462 1949 534 Hemsterhu-

124 605 130 614 ·
194 578 271 662 sius,
295 575 356 644 uisi
380 575 465 668 quod
487 571 574 668 προῖ·
592 586 693 638 tuctur
713 586 748 637 ιιι
762 568 935 638 Aeolicum.
968 569 1109 666 Propius
1132 594 1207 639 vero
1230 570 1315 640 idem
1337 565 1501 640 diiinabat
1523 574 1744 668 περιιμένονι
1769 575 1949 644 rectissime

193 706 300 758 autem
321 681 484 753 Bentleius
510 681 615 774 Epist.
632 681 673 748 ad
689 678 872 747 Hemsterb.
889 707 922 774 p.
915 680 989 764 .,65
1016 679 1148 776 expulso
1179 679 1419 772 glossemate''
1393 705 1531 770 ιγοντα,
1565 681 1690 776 reponit
1717 685 1950 780 περ’ρέμενον,

194 796 322 868 ΑιοΙίιι
345 791 586 890 pronunciatum
608 814 668 885 pro
691 791 921 886 περιειμένον,
951 791 1125 857 secuudum
1126 788 1301 902 ‘Hesychii
1323 789 1466 883 glossam
1488 789 1746 890 περρεθήκατο,
1776 793 1948 891 πιριτθιγ-

193 935 294 979 κατοι
317 905 399 972 adde
423 903 597 996 πέρροχιις
618 898 732 992 fragm.
744 896 866 966 LXIX.
901 896 1096 966 Bentleinm
1105 881 1245 992 siequitur
1264 897 1488 969 Blomlieldus.
1538 898 1710 968 Postremo
1733 901 1946 972 Hemsterhu·

192 1019 257 1086 sius
281 1041 336 1084 ex·
331 1012 434 1082 codd.
451 1006 594 1102 χλοιμόν
616 1033 675 1104 pro
699 1024 802 1076 vetere
824 1005 1004 1097 χλαμόθαι
1026 1033 1092 1076 uon
1113 1008 1291 1104 potuissent
1306 1007 1423 1077 Acoles
1448 1009 1658 1078 accusativum
1681 1009 1817 1080 littera'
1800 1041 1821 1083 ν
1841 1011 1945 1098 finire,
2112 897 2117 1136 l

193 1126 254 1196 nisi
282 1137 443 1194 accentum
470 1119 608 1188 nominis
636 1117 850 1202 retraxissent,
885 1116 929 1185 uti
952 1118 1093 1188 scribunt
1113 1116 1278 1187 Bentleius
1306 1134 1339 1188 et
1366 1117 1589 1188 Blomfieldus.
1636 1118 1821 1214 sapphonis
1850 1121 1948 1215 igitur

191 1237 269 1306 haec
292 1248 379 1302 sunta
1176 1273 1182 1282 ·

561 1333 727 1409 ‘antrr’
750 1341 786 1420 ἐξ
808 1333 937 1432 ὀρανῶ,
963 1343 1161 1435 πορφυρέαν
1183 1339 1400 1434 περῤεμένον
1420 1335 1572 1429 χλᾶμιιν.
2111 1159 2118 1418 i

194 1457 389 1525 Venientem
413 1450 456 1518 de
478 1449 587 1529 caelo,
606 1470 789 1573 purpurea
811 1447 972 1514 amictum
995 1447 1181 1540 chlamyde.
1228 1445 1401 1542 Sapphica,
1426 1463 1459 1515 ιιι
1480 1463 1552 1518 tuuc
1575 1463 1666 1518 erant
1681 1449 1865 1545 depravata,
1888 1475 1944 1520 ex·

191 1581 284 1668 cepta
315 1561 453 1656 genuina
477 1559 631 1652 scriptura
659 1553 789 1653 ὀρανῶ,
822 1555 866 1624 ls.
881 1555 1022 1624 Vossius
1053 1557 1186 1644 apponit
1213 1554 1262 1624 his
1293 1555 1415 1626 Canrlli
1437 1557 1490 1642 68,
1510 1572 1588 1634 tata
1623 1557 1754 1649 Cupido
1773 1559 1945 1653 fulgebat

193 1673 337 1746 crocina
361 1667 568 1738 candidus'
551 1691 588 1734 ιιι
610 1665 737 1748 tunica,
760 1675 880 1761 p.295.
925 1665 1055 1761 Iamque
1072 1664 1217 1760 Scaliger
1240 1681 1442 1760 apposuerat.
1488 1665 1694 1762 Chlamydati
1708 1666 1843 1738 Amores
1868 1685 1945 1740 suut

190 1787 288 1856 etiam
309 1783 343 1851 in
363 1775 551 1847 Philostrati
575 1777 651 1847 Seu.
667 1773 791 1868 lmagg.
807 1776 833 1859 l,
849 1775 882 1846 ὁ,

251 2198 253 2208 Ι
323 2113 551 2204 Argrunentum
575 2102 715 2173 Theoer.
731 2111 785 2171 28.
829 1993 1180 2201 Ptypmmxdtldltn
1204 2105 1380 2194 διαλέκτῳ,
1403 2100 1502 2200 παρό
1523 2100 1564 2177 τό
1587 2102 1769 2203 Σαπφικόν
1790 2108 1941 2180 έκιιαιόι·

190 2225 416 2314 κασύλλαβον
436 2213 478 2288 τό

612 2319 839 2420 Ῥοόοπήγεες
860 2321 965 2414 ῶγναὶ
986 2321 1149 2419 Χάριτες,
1171 2322 1278 2404 desita,
1302 2319 1384 2405 Διός
1405 2323 1518 2421 κόραι.

191 2444 318 2518 Roset's
343 2437 431 2508 ιιΙιιίι
450 2435 630 2527 fulgentes
662 2441 783 2498 castae
813 2431 968 2516 Gratiae,
1002 2432 1133 2516 adeste,
1152 2432 1256 2525 filiae
1281 2433 1384 2503 lovis.
1429 2431 1551 2502 Blomf.
1568 2432 1789 2532 ῥαδοπόχιες.
1825 2435 1938 2505 Philo·

192 2572 308 2626 stratus
334 2547 441 2643 Epist.
460 2560 514 2626 7³.
558 2542 613 2612 'H
631 2538 764 2638 Σαπφιό
794 2542 912 2630 ὁμοιοῖ
941 2538 982 2612 τό
1010 2541 1120 2638 ῥόδον
1149 2545 1211 2614 καὶ
1230 2550 1304 2638 τοῖς
1331 2543 1401 2614 τῶν
1424 2547 1590 2640 Χαρίτων
1611 2543 1763 2642 πήχεσιν,
1798 2542 1941 2617 ἔπειθόν

193 2659 346 2754 α’ποδθσγγ
377 2655 471 2754 σφῶν
495 2649 558 2731 τός
587 2648 730 2732 ῶλένιις,
774 2650 961 2720 Eustathius
989 2652 1031 2721 ad
1061 2651 1184 2746 Odyss.
1211 2656 1248 2743 β.
1268 2651 1336 2721 init.
1355 2654 1409 2723 ‘H
1427 2649 1560 2752 Σαπφῶ
1581 2651 1662 2735 τούς
1681 2654 1754 2726 τῶν
1773 2655 1940 2745 μυθικῶν
2006 2694 2011 2700 ·

193 2776 358 2872 Χαρίτων
379 2765 498 2863 πήχεις
518 2762 696 2854 γυμνοόσα
716 2757 836 2858 ῥόδοις
857 2755 990 2846 ethnicae,
1012 2761 1058 2843 ῶς
1079 2760 1169 2832 εἶναι
1191 2759 1300 2842 αὐτός
1322 2759 1539 2860 ροδοπιγχιις.

883 3049 888 3056 .
1005 2979 1130 3052 ΧΧΙΠ.

323 3096 506 3166 Athenaeus
529 3091 555 3160 l.
570 3117 603 3186 p.
617 3105 669 3158 21.
685 3117 712 3160 c.
727 3089 781 3159 ubi
803 3089 960 3158 veteribus
983 3117 1090 3160 curam
1113 3091 1222 3161 scribit
1242 3088 1340 3160 luisse
1363 3090 1460 3160 vestis
1484 3091 1631 3161 decenter
1652 3092 1860 3186 colligendae,
1888 3095 1936 3164 in·

190 3233 238 3286 ter
260 3209 394 3280 aliorum
418 3202 605 3298 scriptorum
627 3199 715 3269 locos
738 3198 818 3269 haec
831 3196 967 3294 profert:
995 3196 1128 3297 Σαπφιό
1143 3203 1220 3295 περὶ
1233 3197 1473 3295 ’Λνόρομέιλας
1486 3199 1641 3273 οκῶπτιι·
1671 3208 1731 3284 Τίς
1753 3201 1782 3275 d'
1805 3201 1935 3303 αγριῶ

188 3352 241 3405 τις
261 3323 383 3414 θέλγει
404 3312 501 3394 νόον,
529 3307 590 3381 οὐκ
611 3310 816 3407 ἐπισταμένη
838 3305 883 3380 τό
903 3307 1040 3404 βρόκια
1061 3314 1161 3381 ἕλκεν
1182 3311 1238 3380 ἐπὶ
1258 3311 1328 3379 τῶν
1354 3310 1512 3407 σφαρῶνς

321 3429 375 3497 Ex
404 3423 570 3492 Athenaeo
600 3445 657 3486 sua
686 3419 840 3487 derivavit
865 3416 1054 3486 Eustathius
1083 3417 1125 3488 ad
1154 3419 1278 3513 Odyss.
1301 3435 1471 3514 ympno
1486 3420 1568 3490 Bas.
1601 3417 1694 3494 Τό
1674 3451 1783 3520 ρακος
1803 3423 1938 3520 βρᾶκος

189 3547 293 3671 φασὶν
315 3546 353 3610 οἱ
370 3531 520 3612 Αιολιῖς.
548 3529 667 3625 χρῆσις
689 3528 729 3600 δέ
749 3526 891 3624 rosarias)
921 3524 1019 3655 παρῶ
1046 3532 1236 3622 Σαπφοι’
1218 3558 1256 3601 ιν
1282 3531 1330 3621 τῷ
1362 3535 1422 3610 Τίς
1443 3527 1518 3602 d’
1494 3531 1676 3658 αγροιῶτις
1697 3535 1818 3623 θέλγει
1837 3531 1936 3622 νόον,
1954 3575 1984 3586 ··

190 3651 253 3724 οὐκ
274 3647 480 3742 ἐπισταμένιγ
502 3634 703 3735 ταβρακεα
725 3643 840 3708 ἕλκειν
861 3639 1005 3709 ἐπὶτῶν
1026 3666 1197 3735 σφυρῶν,
1223 3637 1333 3732 ἤγουν
1355 3644 1438 3712 ποία
1459 3638 1546 3738 ymni
1568 3667 1745 3740 χιιιριτικιγ,
1766 3645 1936 3740 ε’ζιοομεντγ

189 3756 486 3857 ἀγροικικιότερον,
514 3750 738 3850 ἐφέλκεται
720 3746 883 3872 ιραστῆγ,·
921 3746 1016 3837 Quae
1047 3749 1153 3818 omnia
1186 3750 1281 3818 etiam
1313 3750 1399 3845 apud
1430 3749 1653 3819 Philemonem
1680 3749 1758 3820 Lex.
1776 3751 1934 3822 Technol.

188 3883 308 3968 p.107.
323 3882 356 3934 et
375 3861 593 3932 Phavorinum
615 3857 768 3952 leguntur,
791 3857 854 3925 uisi
876 3856 962 3950 quod
984 3874 1113 3951 uterque
1136 3855 1306 3956 ἀγριῶτιγς
1326 3858 1434 3944 habet,
1457 3882 1520 3953 quo
1542 3877 1728 3952 argumento
1750 3859 1935 3932 Philemoni

189 3969 429 4049 vocabulum
406 3969 584 4066 αγρειῶιις
614 3969 765 4038 donatum
793 3982 852 4051 est,
892 3982 923 4034 et
956 3967 1042 4059 quod
1070 3965 1241 4036 Philemon
1277 3969 1475 4062 participium
1502 3971 1670 4068 ι’ζωσμένγ
1697 3970 1780 4040 male
1809 3973 1935 4041 omittit.
1980 4008 1985 4016 ·

187 4086 311 4161 Verbis
333 4080 493 4156 Eustathii
518 4077 729 4148 Casaubonns
752 4100 827 4151 usus
851 4091 900 4145 est
922 4076 964 4144 ad
987 4074 1092 4145 locum
1112 4075 1271 4146 Athenaei
1293 4076 1521 4170 corrigendum,
1556 4079 1610 4173 qui
1637 4080 1670 4148 iu
1698 4082 1785 4151 editt.
1801 4081 1887 4150 Vcn.
1904 4098 1936 4150 ct

187 4195 315 4271 Bas.
289 4221 334 4262 src
361 4192 550 4284 depravatus
577 4204 661 4255 crat:
704 4183 826 4283 Τῆςδ
848 4173 1055 4282 ἇγριόταιον
1077 4188 1197 4276 θέλγει
1219 4184 1315 4259 νόον.
1362 4187 1507 4276 Quorum
1530 4187 1601 4257 loco
1624 4189 1678 4260 ille
1702 4191 1745 4260 ad
1768 4190 1935 4285 Theophr.

190 4309 288 4383 Char.
304 4331 336 4399 p.
351 4309 423 4369 138.
439 4296 578 4390 scripsit:
611 4301 672 4375 Τίς
697 4295 726 4368 δ’
753 4295 915 4395 ἁγριῶτις
935 4297 1056 4386 θέλγει
1083 4292 1179 4381 νόον,
1214 4320 1277 4389 qna
1298 4321 1368 4365 cnm
1391 4295 1522 4366 lectione
1551 4324 1625 4367 suos
1648 4300 1742 4368 codd.
1758 4302 1934 4370 consentire
1987 4377 1990 4382 ,

188 4423 234 4491 ait
256 4409 590 4506 Schweighaeuscmm
625 4404 658 4472 in
680 4406 779 4500 ipsius
801 4405 960 4476 Athenaei
981 4405 1119 4476 editione
1144 4405 1354 4476 Casauhonus
1380 4437 1435 4478 τοι
1463 4424 1536 4478 ante
1558 4413 1680 4501 θέλγει
1702 4411 1842 4496 inseruit,
1875 4435 1933 4504 po·

189 4548 307 4600 stremo
329 4525 363 4593 iu
385 4515 589 4590 annotatione
613 4515 710 4596 dedit,
738 4521 789 4593 τίς
810 4513 991 4613 ἀγροιῶτις
1011 4547 1076 4604 roe,
1111 4523 1274 4610 tamquam
1296 4517 1463 4586 emendata
1485 4543 1523 4585 ex
1546 4519 1738 4589 membranis
1762 4536 1793 4587 et
1815 4519 1933 4590 Eusta-

190 4640 266 4710 thio.
310 4634 400 4702 Idem
422 4630 557 4700 advocat
578 4623 716 4694 Maximi
737 4623 829 4716 Tyrii
852 4625 954 4695 locum
976 4626 1103 4696 dissert.
1116 4625 1243 4696 XXIV.
1258 4630 1431 4724 Κωμφθεῒ
1444 4625 1626 4726 Σωκράτης
1647 4627 1763 4727 σχῆμά
1785 4659 1852 4700 ποιι
1875 4633 1935 4700 καὶ

189 4744 393 4825 κατάκλισιν
415 4736 585 4839 σοφιστοῦ,
609 4738 669 4807 καὶ
695 4730 841 4834 Σαπφώ·
883 4739 944 4814 Τίς
965 4732 994 4805 d
1017 4733 1204 4832 ἀγροιῶτιν
1225 4737 1400 4824 έπεμμένα
1422 4734 1556 4831 στολήν.
1603 4738 1671 4808 Ubi
1692 4739 1725 4808 iu
1748 4737 1820 4808 aliis
1843 4738 1932 4810 libris
