4242 5300
1051 242 1110 334 53

973 357 1189 370 W

174 521 180 528 -
203 477 282 557 8,1,
307 465 478 540 Sentenius
502 482 534 536 et
552 465 737 562 Lennepius
755 466 790 536 in
811 463 945 536 Terent.
968 465 1077 536 Maur.
1104 493 1135 562 p.
1152 465 1234 549 4263
1256 491 1365 534 verum
1385 491 1451 535 non
1472 481 1521 536 est
1542 465 1856 564 praetermittendum
1877 495 1953 568 pru·

87 645 88 649 ,
204 580 424 650 dentissimnm
445 578 590 650 Santenii
613 577 769 662 iudicium,
793 575 994 672 aLennepio
1019 577 1181 646 laudatum
1204 603 1236 672 p.
1253 593 1337 654 431ι
1367 577 1442 646 Nec
1463 579 1747 671 synecpbones'eis
1767 592 1956 671 poetarum

202 687 350 773 iuventa,
373 689 494 781 quibus
514 688 620 756 metri
639 711 770 755 caussa
789 697 939 770 utantur,
963 687 1198 754 existimanda
1220 697 1314 770 sunt,
1339 687 1404 754 sed
1420 688 1619 756 obtinebant
1639 691 1676 756 ιά
1698 690 1766 758 vita
1786 692 1960 760 communi

202 810 239 870 et
260 799 397 892 uulgari
411 820 583 880 sermone,
612 797 702 864 unda
724 797 761 864 ι’νι
785 795 981 886 vulgaribus
1001 795 1164 888 rhythmis
1186 796 1271 863 nihil
1290 796 1357 863 illis
1385 798 1570 889 vulgarius.
1616 798 1702 868 Hinc
1725 802 1810 896 apud
1834 799 1952 870 Aeoles

202 907 384 1003 frequentes
411 907 511 975 fuisse
534 905 683 975 credibile
706 923 771 991 est,
801 921 935 999 suntque
958 905 996 972 iis
1020 905 1178 975 interdum
1201 905 1429 992 restituendae,
1459 907 1513 974 ubi
1537 907 1723 977 obtexerunt
1747 899 1954 1004 grammatici,

203 1017 290 1086 velut
312 1016 483 1113 Sapphoni
511 1015 662 1108 fragmm,
682 1013 787 1084 XLII.
810 1014 883 1082 LII.
927 1013 1076 1083 Eandem
1105 1016 1240 1108 figuram
1270 1015 1342 1084 licet
1371 1033 1482 1084 nostro
1507 1043 1600 1094 ,versu
1624 1017 1775 1088 adhibere
1798 1020 1955 1089 vocabulo

202 1125 455 1216 ὑποθυμίδες,
486 1125 516 1194 si
536 1124 624 1222 prius
650 1125 735 1193 iusta
757 1123 936 1194 termirtatio
961 1129 1007 1195 ἶιξ
1031 1142 1179 1194 revocata
1208 1124 1320 1194 fuerit:
1348 1149 1423 1195 nam
1446 1126 1594 1220 vulgatae
1618 1126 1761 1197 lectionis
1784 1129 1956 1198 nominati

200 1261 263 1305 uns
288 1259 387 1331 aeque
413 1257 582 1331 perversus
606 1250 672 1319 est,
703 1251 797 1329 atque
820 1235 853 1302 in
875 1234 984 1304 codice
1008 1234 1301 1330 Schweighaeuseri
1325 1235 1496 1312 accusativi
1519 1238 1699 1308 terminatio
1723 1242 1779 1316 ὄις
1804 1238 1954 1324 inaudita,

205 1371 285 1441 qnae
310 1363 364 1416 aut
386 1371 425 1414 ex
449 1345 557 1438 inepto
580 1343 704 1413 Aeolici
727 1345 798 1414 soni
822 1344 927 1413 studio
950 1361 1054 1412 ortum
1077 1345 1188 1429 babet,
1219 1361 1274 1413 aut
1295 1345 1380 1414 male
1407 1346 1449 1414 ad
1471 1345 1532 1414 hoc
1554 1345 1744 1416 vocabulum
1771 1347 1874 1418 relata
1895 1362 1955 1432 est,

205 1482 300 1550 quum
323 1454 438 1549 aliquis
462 1470 573 1522 votem
597 1456 761 1540 σιλίκτας,
786 1479 866 1548 quae
888 1455 924 1523 in
946 1452 1058 1523 Alcaei
1081 1455 1223 1522 versibus
1248 1455 1376 1548 legitur,
1399 1455 1454 1524 tali
1478 1457 1574 1524 modo
1598 1456 1862 1525 conformandam
1885 1482 1955 1524 mo·

204 1565 336 1634 unisset.
385 1564 591 1657 Quamquam
616 1561 829 1632 Casanhonus
859 1563 1032 1633 seeundum
1054 1563 1144 1632 illum
1174 1563 1403 1632 nominativum
1425 1564 1548 1660 reliqua
1576 1565 1621 1634 ita
1651 1567 1805 1660 corrigere
1827 1565 1957 1636 moluitz

202 1677 265 1745 ,aut
282 1679 413 1745 πολλαί
429 1670 467 1744 θ’
478 1667 885 1761 ὑπσθυμιᾶδεςπλενηαί,
907 1670 936 1742 ν’
949 1671 1068 1744 ἄνθεα
1089 1677 1298 1768 περιδεραια,
1316 1690 1479 1767 postrema
1501 1701 1571 1743 cum
1584 1674 1670 1744 Guil.
1684 1674 1835 1744 Cantero.
1866 1675 1956 1743 Koe-

200 1783 275 1852 nius
299 1785 343 1852 ad
359 1785 496 1875 Gregor.
513 1780 592 1850 Cor.
613 1807 647 1878 p.
663 1781 738 1848 601.
762 1781 885 1850 sen‘bitt
912 1785 972 1851 ναί
991 1791 1137 1861 πολλαῖς
1155 1779 1411 1871 ὑπσιίνμισὶδαις
1432 1787 1594 1864 πλίνταις
1615 1782 1731 1883 ἆνὴτω
1750 1786 1883 1856 αἰιαλαὶ
1899 1786 1959 1855 ,δί-

203 1921 275 1990 ραι,
300 1891 448 1988 suppleto
473 1891 572 1959 verbo
596 1888 758 1982 ἐχόντων.
789 1889 1118 1984 Schweighaeuserus,
1143 1889 1182 1958 de
1206 1889 1363 1984 prioribus
1388 1916 1459 1959 cum
1483 1893 1610 1962 Koenio
1633 1895 1845 1978 consentiens,
1869 1918 1956 1962 cont·

203 2002 336 2072 mendat
359 1996 586 2091 ἀντί’ᾰααλᾷ
609 2002 711 2096 δέρᾳ,
743 1997 794 2068 rel
818 2000 939 2094 siquis
967 2000 1108 2069 dativum
1130 1998 1306 2095 improbet,
1338 1997 1582 2080 ἀντί’σὶιιαλᾶς
1605 2005 1726 2098 δέρας,
1756 2002 1807 2072 rel
1834 2001 1956 2098 siquis

201 2111 334 2180 omniuo
356 2109 461 2182 ἀντία
484 2107 672 2180 vocabulum
693 2133 758 2177 non
781 2108 872 2194 forat,
895 2107 969 2180 ᾰνσῖ
985 2109 1216 2208 ἀπαλᾷ-δέρᾳ.
1252 2107 1415 2203 Volgerus
1438 2106 1662 2191 ἄντ’σέααλᾶς
1682 2115 1793 2208 δέρας.
1832 2113 1899 2184 Sed
1922 2128 1957 2181 ut

204 2220 304 2290 fronti
326 2245 437 2290 revera
460 2218 546 2288 oliva
564 2219 805 2310 praeponitur,
837 2219 891 2288 ita.
907 2235 993 2288 serta
1015 2217 1098 2288 collo
1124 2220 1392 2304 rememoratur,
1423 2247 1481 2289 nee
1504 2221 1621 2316 poterit
1645 2219 1725 2290 illud
1747 2223 1878 2290 verbum
1905 2237 1960 2297 ant

204 2329 361 2426 particula
382 2330 412 2400 ei
433 2328 545 2400 similis
565 2327 650 2413 ferri,
673 2328 735 2397 nisi
755 2327 836 2397 forte
860 2330 1030 2398 cervicibus
1053 2329 1203 2399 contectis
1226 2328 1329 2397 solum
1349 2329 1488 2423 iugulum
1507 2329 1546 2397 iis
1568 2330 1710 2399 videatur
1730 2332 1847 2401 ornari.
1873 2330 1958 2400 Par·

199 2439 332 2510 tienlam
356 2439 457 2525 σίνισ,
482 2465 577 2533 quam
600 2437 716 2533 requiri
738 2437 955 2532 intelligimus,
979 2439 1075 2508 offert
1096 2440 1249 2508 librorum
1271 2439 1363 2508 lectio
1386 2440 1475 2527 ἄντι,
1498 2441 1597 2508 modo
1618 2469 1651 2511 τι
1674 2457 1775 2510 mutes
1799 2441 1960 2519 litteran‘,

205 2545 312 2639 Ἀμαὶ
336 2547 502 2619 Aeolicum
526 2573 615 2634 esse,
644 2575 682 2619 ex
706 2548 815 2643 Etym.
830 2548 882 2617 M.
906 2575 938 2644 p.
954 2557 1007 2636 85,
1023 2559 1077 2628 48.
1098 2565 1151 2635 94,
1171 2563 1220 2632 19.
1243 2564 1274 2618 et
1297 2535 1452 2644 Hesychii
1474 2547 1592 2642 glossis
1616 2549 1777 2641 durabat,
1808 2549 1956 2644 α’μσίοινὲ

134 2741 146 2758 ι
205 2687 281 2756 ρον,
303 2657 527 2758 α’μιιιστιίτηρ,
549 2657 716 2756 σὶμιιίιιαρ
741 2658 847 2727 docuit
869 2659 1013 2762 Koenius
1038 2661 1080 2728 ad
1102 2662 1239 2753 Gregor.
1260 2659 1337 2727 Cor.
1361 2685 1393 2754 p.
1410 2675 1484 2738 344.
1522 2665 1680 2742 Hellade
1704 2678 1739 2728 ut
1759 2662 1958 2757 praeferatur

205 2785 368 2865 nmquam
391 2769 426 2840 in
448 2769 645 2854 accusativo,
674 2768 786 2838 suadet
807 2766 1029 2837 Blomfieldns.
1074 2770 1184 2863 Itaque
1209 2769 1253 2839 sic
1276 2767 1487 2863 fragmentum
1510 2770 1706 2840 emendatius
1723 2768 1868 2865 legetur:

809 2875 883 2949 ῚΚαὶ
910 2883 1052 2958 πολλαὶς
1077 2875 1320 2966 ὑασθνμισίδας

809 2991 969 3067 αλέκταις
993 2985 1074 3077 ἀμπ’
1090 2986 1209 3081 ἀπαλᾷ
1235 2992 1328 3085 δέρᾳ.

203 3099 251 3169 Et
275 3099 384 3168 multu
407 3109 503 3168 serlo
521 3099 635 3190 plera
658 3109 811 3168 tenerum
835 3097 927 3166 cirea
951 3099 1086 3166 collum.
1326 3085 1332 3092 ’

1012 3315 1153 3385 XXVII.

252 3417 258 3427 ’
336 3427 528 3498 Plutarchus
551 3428 697 3498 Amator.
723 3455 755 3523 p.
770 3439 846 3510 751.
873 3423 995 3523 Ι’Χιίρις
1021 3429 1042 3525 ἡ
1067 3428 1130 3497 τοῦ
1154 3425 1284 3520 θήλεος
1308 3426 1433 3512 ι’ίιιειξις
1457 3429 1506 3520 τῷ
1528 3431 1654 3527 dripere
1680 3435 1845 3529 κέκληται
1871 3430 1958 3528 apris

204 3536 274 3614 τιὸν
294 3540 463 3610 ααλαιιὸν·
491 3539 537 3619 ω’ς
554 3543 615 3609 καί
638 3543 818 3633 Πίνδαρος
838 3544 902 3634 ἔφη
922 3534 986 3609 τόν
1007 3539 1214 3634 Κένταυρον
1234 3535 1319 3609 ἄνευ
1342 3545 1497 3634 χαρίτων
1519 3541 1557 3609 ἐκ
1576 3541 1636 3636 τῆς
1649 3539 1762 3635 Ἥρας
1781 3545 1955 3632 γενέσθαι.

204 3653 266 3722 καί
283 3645 347 3746 τήν
367 3650 459 3720 οὔπω
481 3647 604 3740 χιίμων
623 3655 775 3741 ἔχουσαν
795 3647 892 3743 ὥραν
913 3648 934 3745 ἡ
953 3645 1087 3744 Sarped
1105 3645 1404 3744 προσαγορεύουσά
1424 3678 1539 3748 φησιν,
1560 3648 1613 3719 ὅτι
1633 3649 1770 3745 Σμικρᾶ
1787 3681 1857 3742 μοι,
1881 3659 1955 3741 παῖ,

203 3767 351 3851 ἔμμεναι
371 3764 511 3856 φαίνεαι
528 3757 684 3854 κᾶχαρις.
852 3770 855 3775 “

338 3868 425 3936 Hinc
443 3868 580 3938 fortasse
603 3868 736 3964 profecit
756 3866 865 3938 Schol.
880 3865 1016 3936 Pindari
1036 3866 1075 3934 de
1099 3863 1169 3962 ipso
1193 3865 1263 3935 Ioco
1284 3890 1332 3951 eo,
1356 3891 1450 3960 quem
1464 3865 1656 3936 Plutarchus
1676 3870 1786 3963 tangit,
1810 3859 1906 3964 Pyrh.
1923 3887 1953 3956 Ω,

203 3988 257 4065 75,
281 3977 334 4048 ubi
355 3980 591 4062 demonstrans,
614 3985 820 4075 χαρίζεσθαι
840 3983 965 4073 κυρίως
984 3973 1025 4047 rd
1048 3974 1332 4060 συνσσσιάζεσίίαι
1353 3976 1425 4061 dici,
1449 3991 1574 4069 praeter
1595 4003 1705 4046 versus
1727 3979 1954 4074 Aristophanis

203 4089 292 4183 qu.
307 4099 382 4156 521.
405 4105 437 4156 et
460 4087 667 4183 Theopompi
686 4087 765 4156 baec
786 4087 951 4157 adscribit:
973 4091 1032 4158 καί
1051 4084 1196 4183 Σαπφώ·
1224 4085 1344 4183 Μικρά
1362 4115 1423 4176 μοι
1444 4084 1522 4164 adt?
1543 4089 1690 4177 ἔμμεναι
1709 4089 1906 4185 λιθόχαρις,
1932 4091 1954 4186 ἡ

202 4198 302 4298 μὴσω
329 4199 506 4292 δυναμένη
531 4193 589 4267 deul
613 4194 677 4294 τήν
701 4199 842 4292 ἡλικίαν
870 4187 1119 4295 χαρίσασθαι.ι
1142 4196 1209 4264 Pro
1238 4193 1427 4291 λιθόχαρις
1450 4195 1520 4264 cod.
1548 4195 1693 4291 (dulting.
1719 4200 1952 4298 φῆλιιόχαρις,

202 4308 288 4379 idem
308 4333 379 4377 cum
401 4306 493 4375 editis
515 4305 667 4399 exemplis
687 4305 808 4403 μικραί.
849 4307 942 4376 Adde
960 4307 1137 4376 Maximum
1154 4306 1290 4400 Tyrium
1315 4305 1439 4372 dissert.
1455 4305 1581 4376 XXIV.
1618 4304 1671 4377 Ου’
1693 4312 1868 4404 προσιέναι
1886 4337 1950 4406 pp·

203 4424 258 4491 σίν
278 4417 299 4489 ὁ
319 4413 505 4514 Σωκράτης
517 4413 732 4511 Ἀλκιβιάδῃ,
756 4419 796 4488 ἐκ
816 4417 945 4487 πολλοῦ
965 4417 1066 4512 ι’ριὸν,
1089 4421 1169 4512 πρὶν
1189 4412 1336 4513 ἡγήσατο
1354 4411 1477 4486 ἱκανόν
1495 4415 1584 4488 εἶναι
1602 4415 1686 4513 πρός
1699 4414 1842 4507 λόγους·
1864 4423 1954 4505 Σμι-

203 4527 271 4624 apol
298 4557 359 4616 μοι
386 4535 467 4606 reule
494 4531 544 4597 ἔτι
571 4529 693 4622 φαίνεσ
722 4531 782 4597 ναὶ
809 4531 993 4621 χαρίεσσα,
1033 4522 1167 4622 Σαπφω
1188 4527 1288 4615 λέγει.
1340 4525 1496 4597 Davisius
1519 4527 1663 4620 postulat
1683 4525 1749 4599 κου’
1769 4531 1951 4623 χαρίεσσα,

203 4637 352 4734 κᾶχαρις
380 4633 548 4731 Sapphoni
572 4635 651 4731 eripi
676 4659 742 4702 non
768 4636 886 4728 patitur
907 4632 1114 4703 Rubnlrenius
1141 4635 1184 4703 ad
1207 4634 1295 4703 Tim.
1315 4663 1348 4730 p.
1365 4651 1443 4721 274,
1474 4637 1683 4706 consentiens
1703 4662 1775 4703 oum
1802 4634 1868 4704 Tb.
1884 4639 1953 4706 Ga·

203 4748 312 4818 tubero
334 4748 373 4816 de
394 4745 468 4816 stilo
489 4741 534 4816 N.
548 4743 587 4814 F.
610 4769 638 4815 c.
658 4763 708 4813 11.
731 4773 764 4841 p.
780 4761 835 4830 72.
864 4745 918 4815 De
939 4744 1094 4814 vocabulo
1116 4737 1243 4842 ἄχαρις
1262 4745 1450 4842 explicando
1470 4773 1541 4816 cum
1563 4745 1673 4818 Schol.
1695 4743 1793 4815 Pind.
1816 4747 1952 4816 concinit
