4274 5290
1048 239 1103 331 81

993 443 1152 514 LXXIV.

330 554 494 624 Maximus
518 552 649 690 Tyrius„
660 553 787 624 dissert.
802 551 929 623 XXIV.
953 551 1227 646 Ενβακχεδεται
1244 553 1430 651 Σωκράτης
1451 557 1504 627 ἐπὶ
1530 559 1712 653 Φαίδρῳ
1689 555 1757 628 uati
1777 587 1839 630 τοο
1825 561 1947 658 ἔρω-

196 688 270 745 τος·
293 695 335 762 rp
320 664 397 736 δέ
418 663 600 761 Σαπφοῖ
580 693 600 737 o
623 667 709 761 ἔρως
731 667 863 748 ἐτίναξε
885 691 948 745 τας
969 667 1109 763 φρένας,
1133 666 1178 744 cic
1200 661 1327 754 ἄνεμος
1348 693 1413 736 κατ
1444 662 1527 762 ὅρος
1548 669 1708 762 δροσὶν’
1690 667 1852 754 εμπτσοδν.
1933 713 1938 742 z

327 778 440 843 Amor
456 773 637 864 quassavit
659 784 817 855 mentem,
842 784 880 840 ut
905 785 1021 841 ventus
1044 775 1080 842 ἰπ
1102 785 1215 841 moute
1237 773 1409 842 ilicibus·
1394 797 1560 866 ingruens.
1593 773 1746 844 Priorem
1758 803 1886 848 versum
1902 779 1949 850 ita

195 886 303 982 explet
318 872 546 953 Blomlicldusa
569 879 682 956 Ἀλλά
701 911 763 970 μοι
785 885 977 968 egereretur
999 886 1076 978 ἔρος
1098 885 1238 980 φρένας.
1279 883 1445 954 Socratem
1463 883 1627 954 Maximus
1645 884 1848 958 Platonicum
1872 889 1948 961 dicit

194 995 337 1066 Phaedr.
361 1019 393 1088 p.
407 1005 482 1070 2³12·
506 991 559 1068 d..
1012 981 1016 990 Ι

324 1321 581 1418 Etymologicum
602 1321 762 1417 Magnum
784 1347 816 1418 p.
832 1323 914 1408 662,
939 1336 992 1391 32.
1040 1324 1243 1409 Πέπταμαι·
1275 1323 1314 1394 ἐν
1335 1321 1399 1393 τοῦ
1422 1327 1539 1419 ἵπτημι
1560 1329 1691 1414 γίνεται
1713 1324 1734 1395 ὁ
1755 1327 1947 1426 mummia

193 1439 454 1531 παρακείμενος,
485 1437 646 1521 ἔπταμαι,
675 1436 832 1520 έπιασαι,
863 1436 1017 1520 ἔπταται,
1052 1437 1111 1502 καὶ
1139 1431 1341 1523 πλεονασμῷ
1367 1431 1432 1503 τοῦ
1458 1444 1487 1502 π·
1511 1436 1682 1523 πέπταμαι
1703 1429 1886 1516 Αἰολικοὸς·
1912 1443 1950 1508 οἱ

180 1543 261 1642 ’γαρ
287 1542 427 1623 Αἰολεῖς
457 1538 603 1615 εἰώθασι
629 1543 855 1638 προστιθέναι
881 1541 1076 1640 σύμφωνον,
1113 1539 1223 1637 ὥσπερ
1254 1540 1295 1614 τὸ
1325 1539 1559 1636 ἐπτερδγωμαι
1591 1543 1861 1638 π’τπττρτλγαμαι.
1907 1547 1947 1615 Ιιι

192 1656 263 1724 cod.
274 1653 381 1723 Paris.
393 1652 469 1730 aad.
499 1651 704 1720 subiiciuntur
726 1650 820 1720 lraec:
852 1652 955 1723 Οἷον·
975 1653 1045 1730 Ὡς
1068 1650 1107 1722 δέ
1128 1649 1208 1728 πάϊς
1229 1657 1339 1723 παῖδα
1360 1655 1493 1748 μητέρα
1515 1652 1789 1748 πεπτερδγωμαι.
1825 1656 1946 1752 Ἡραι-

192 1763 313 1844 drevic
325 1767 364 1836 ἐν
375 1764 535 1857 τοῖςπερὶ
548 1759 695 1839 πάθους.
716 1760 886 1830 Consentit
893 1757 1039 1828 Zonaras
1046 1757 1126 1826 Lex.
1136 1785 1167 1826 v.
1180 1760 1365 1848 πέπταμαι.
1384 1761 1511 1829 Eadem
1522 1788 1539 1830 e
1551 1761 1669 1832 Lexico
1681 1779 1786 1833 vetere
1800 1789 1945 1858 exprom-

190 1873 257 1968 psit
279 1871 424 1942 Kocnius
447 1872 491 1941 ad
513 1871 651 1964 Gregor.
666 1896 699 1966 p.
720 1869 796 1955 638,
828 1869 915 1962 quod
937 1866 1149 1940 Ruhnkenius
1173 1867 1385 1961 descripserat
1407 1895 1424 1938 e
1447 1871 1519 1938 cod.
1537 1869 1643 1942 Paris.
1664 1873 1761 1955 2067.
1779 1874 1830 1942 rel
1848 1875 1945 1944 2668.

176 1981 230 2052 'In
243 2005 339 2051 versu
352 1996 458 2051 autem
471 1980 623 2076 apposito
637 1979 682 2049 ibi
696 1978 811 2071 legitur
823 1977 933 2049 neittla
944 1979 1090 2073 ματέρα
1123 1976 1192 2046 Pro
1203 1976 1311 2071 Etym.
1323 1977 1374 2046 M.
1390 1977 1523 2047 lectione
1539 1979 1772 2075 ἐπτερδγωμαι
1786 1982 1945 2080 πεπττριλ

189 2119 307 2184 γωμαι
329 2105 361 2158 et
382 2090 442 2161 lroc
459 2089 601 2159 Lericon
621 2104 653 2158 et
670 2087 817 2157 Zonaras
839 2089 1060 2183 ἕπτέρογμαι,
1082 2086 1182 2157 altero
1205 2087 1342 2168 omiss0;
1365 2088 1398 2156 in
1420 2112 1514 2156 versu
1533 2088 1657 2158 adiecto
1681 2089 1714 2158 hi
1735 2115 1861 2184 quoque
1884 2123 1945 2166 na-

189 2199 419 2297 mepu'ycouoe.
454 2200 507 2270 Ex
534 2200 598 2268 isto
620 2205 729 2271 παῒδα
751 2197 802 2267 vel
822 2195 932 2270 πδϊδα
954 2195 1119 2266 Aeolicam
1142 2196 1287 2266 voculam
1309 2192 1397 2267 πεδδ
1418 2197 1499 2266 eruit
1521 2196 1679 2266 Koenius.
1724 2199 1941 2290 similitudine

188 2310 362 2380 liberorum
383 2326 517 2380 matrem
539 2309 787 2380 consectantium
808 2321 937 2377 utuntur
958 2305 1119 2376 Homerus
1142 2305 1236 2375 Iliad.
1250 2312 1288 2376 o.
1306 2319 1381 2388 271.
1409 2307 1559 2402 Τεῦκρος
1581 2304 1678 2387 αὖτις
1700 2302 1772 2389 ἰσὶν,
1794 2317 1875 2388 παῖς
1896 2310 1943 2391 ὣς

188 2417 257 2491 aiud
278 2421 423 2520 μητέρα,
445 2419 568 2492 δύσκεν
589 2405 639 2499 Ιεἰς
660 2420 810 2490 Αἴαντα.
854 2415 1087 2509 Aristophanes
1110 2405 1249 2486 Aeliam.
1264 2423 1340 2496 7³8.
1363 2411 1431 2486 τδν
1452 2419 1491 2487 ἐν
1506 2413 1680 2496 Ἀθάναις
1701 2414 1837 2514 αγοράν
1860 2421 1942 2491 ἐπό-

189 2535 282 2602 θουν
304 2527 393 2627 ᾇπερ
421 2531 566 2626 ματέρα.
610 2525 785 2598 Aristocles
814 2527 849 2595 in
870 2525 959 2594 Frid.
981 2525 1119 2595 lacobsii
1140 2525 1290 2620 Append.
1305 2523 1435 2595 Anthol.
1450 2522 1523 2594 Pal.
1540 2525 1640 2620 epigr.
1655 2541 1688 2608 7.
1710 2526 1731 2597 ὁ
1753 2527 1881 2624 ταῦρος
1902 2528 1944 2611 δ’,

170 2635 234 2720 ’ὥς
255 2643 378 2738 ματερι
400 2645 495 2722 παῖς,
516 2643 639 2711 ἕπεται.
682 2636 727 2706 At
748 2635 846 2706 verba
867 2635 1133 2733 πτιρογοτῖσδαι,
1154 2633 1412 2730 πτερύσσεσδαι,
1434 2640 1644 2731 πτερογίζειν
1666 2659 1732 2705 non
1753 2653 1945 2732 usurpantur

189 2749 229 2820 de
257 2748 328 2820 sola
355 2749 475 2820 itineris
497 2746 667 2832 celeritate,
700 2763 737 2816 ut
762 2769 840 2816 sane
868 2747 1034 2816 πέτεσθαι
1061 2743 1289 2869 frequentatur,
1320 2743 1379 2813 sed
1406 2743 1518 2813 avibus
1551 2743 1620 2814 alas
1648 2745 1846 2816 moventibus
1869 2771 1944 2842 pro-

130 2939 136 2948 ,
188 2860 259 2954 pn'a
281 2875 364 2930 sunt.
408 2858 506 2929 Unde
528 2881 594 2926 nou
617 2857 776 2927 credimus
806 2855 944 2950 primam
970 2876 1141 2950 personam
1164 2853 1335 2948 genuinam
1357 2877 1440 2938 esse,
1472 2855 1531 2922 sed
1553 2853 1673 2948 expedit
1694 2878 1745 2940 ea,
1775 2870 1811 2925 ut
1832 2856 1942 2951 paullo

188 2985 261 3040 ante
284 2994 304 3039 a
328 2968 548 3042 Grammatico
570 2981 734 3052 annotata,
757 2989 929 3098 porsoparn
950 2963 1076 3032 tertiam
1097 2963 1131 3030 in
1153 2962 1548 3072 versulectam.1taque
1572 2963 1691 3035 scribe:

646 3076 737 3156 Ὣς
758 3075 797 3148 δέ
817 3071 898 3153 πδΐς
919 3068 1008 3148 moe
1029 3075 1165 3169 ματέρα
1186 3071 1447 3170 πτπττρῦγιοται.
1559 3145 1563 3152 ,

191 3191 242 3260 Ut
250 3189 334 3282 filice
357 3189 407 3258 ud
425 3196 570 3256 multem
593 3185 723 3254 volitat.
768 3182 902 3254 Avicula
924 3182 1033 3276 aliqua
1054 3183 1098 3252 ad
1119 3181 1268 3276 puellam,
1296 3200 1331 3252 ut
1352 3207 1468 3279 passer
1489 3182 1543 3252 ille
1567 3183 1654 3277 apud
1677 3182 1838 3254 Catullum
1861 3201 1891 3269 3,
1907 3139 1940 3254 6.

187 3299 339 3370 Mellitos
362 3309 444 3382 eret,
479 3317 645 3389 suasuque
666 3304 769 3363 uorat
788 3293 875 3385 Ipsa
897 3303 972 3363 tem
994 3292 1080 3362 bene
1101 3317 1205 3385 quam
1225 3293 1345 3382 puelle
1371 3303 1533 3376 matrem,
1567 3293 1643 3362 Nec
1664 3317 1742 3361 sese
1765 3318 1789 3361 α
1808 3317 1939 3421 greuuo

186 3409 278 3481 illius
301 3408 470 3490 movebat,
501 3404 575 3475 Sed
595 3403 836 3474 circumsiliens
858 3403 960 3472 modo
984 3401 1060 3485 hue,
1097 3402 1198 3470 modo
1222 3401 1314 3486 illue,
1350 3401 1410 3470 Ad
1429 3402 1543 3471 solam
1565 3402 1739 3470 δοπιίπσιπ
1761 3426 1868 3494 usque
1885 3403 1938 3492 pt-

183 3517 317 3609 pt'ebat.
364 3516 433 3608 Qui
454 3515 542 3586 locus
565 3530 710 3584 nostrum
732 3512 959 3606 fragmentum,
993 3536 1033 3580 ex
1056 3534 1120 3604 quo
1142 3510 1197 3580 ille
1219 3535 1388 3606 expressus
1411 3511 1542 3596 videtur,
1569 3527 1605 3581 ut
1627 3510 1797 3605 Sapphoni
1819 3512 1938 3582 adscri-

187 3629 310 3714 bamus,
334 3627 455 3710 suadet,
479 3648 576 3719 quam
597 3624 631 3694 in
654 3622 846 3694 seutentiam
867 3623 932 3692 iam
954 3620 1128 3691 inclinabat
1150 3620 1308 3692 Koenius.
1348 3649 1351 3666 ι

318 3953 518 4053 Hephaestio
540 3981 573 4052 p.
585 3963 639 4038 95.
678 3949 789 4026 Ἀλλο
822 3947 1061 4049 ἀσονδρτητον
1090 3949 1218 4038 ὁμοίως
1248 3944 1338 4020 κατα
1367 3944 1430 4046 τήν
1459 3945 1598 4043 πρώτην
1628 3947 1865 4032 ἀντιπόδων,
1901 3957 1938 4026 ἐκ

185 4081 378 4208 τρρχαὶκου
363 4066 559 4162 ’διμέτροο
581 4062 822 4161 ὡταταλήκτοο
844 4064 904 4132 καὶ
925 4058 1093 4154 ἰαμβικοῦ
1113 4057 1385 4158 ἑφθημιμεροῦς,
1408 4057 1492 4154 ὅπερ
1509 4053 1571 4130 e’oie
1585 4059 1788 4154 παραλλάξῃ
1803 4059 1865 4160 τήν
1879 4092 1937 4135 το·

185 4207 268 4330 μην,
290 4183 418 4312 γίνεται
438 4172 627 4271 τροχαϋτον
648 4171 974 4270 προκαταληνταόν.

603 4283 706 4354 Ἔστι
723 4309 788 4412 ραι
808 4279 902 4352 καλοὶ
922 4279 1014 4362 πάις,
1036 4265 1235 4378 χροσέοισιν
1257 4277 1467 4365 ἀνδέμοισιν

608 4393 756 4518 ἐμφτρη·
723 4392 882 4528 ’ἔχρισα
902 4417 1056 4488 μορφαν,
1080 4386 1230 4469 Κλεις’
1207 4414 1379 4479 αγαπατα,

609 4499 774 4579 arelatis
795 4503 861 4592 a’yu
851 4495 964 4572 οὐδέ
981 4501 1120 4572 Λυδίαν
1140 4498 1263 4579 πᾶσαν,
1285 4492 1399 4567 οὐδ’η
1380 4494 1547 4630 spaurde.
1638 4560 1641 4572 .

183 4617 313 4692 τούτων
333 4615 373 4690 δέ
393 4642 432 4686 το
423 4610 520 4701 μὲν
541 4607 701 4706 δεύτερον
722 4607 834 4699 δῆλόν
861 4605 996 4681 ἔστιν
974 4636 1042 4680 απο
1065 4607 1128 4700 τῆς
1148 4605 1264 4698 τομῆς,
1294 4604 1347 4678 ὅτι
1368 4604 1475 4684 οὕτως
1497 4603 1691 4694 σύγκειται,
1689 4599 1752 4680 ὥς
1773 4609 1933 4701 προείρη-

181 4757 251 4814 ται,
272 4731 310 4802 ἐν
331 4754 393 4798 τοο
379 4719 603 4818 ’τροχαὶλοο
625 4721 789 4816 διμέιροο
810 4715 1050 4817 α’καταλὴιποο
1070 4720 1131 4790 καὶ
1152 4745 1214 4790 τοο
1200 4713 1493 4814 ’έφδρμτμεροῦς
1514 4707 1699 4802 ιαμβοτοῦ·
1719 4739 1759 4782 το
1751 4705 1821 4786 δέ
1841 4716 1933 4810 προί-

1544 4835 1621 4907 [¹¹1
