4242 5300
174 478 203 546 si
225 499 292 544 non
314 498 333 542 a
357 470 499 544 Stobaeo
522 465 713 564 prolectam,
737 480 819 535 certe
843 487 966 550 reram,
1000 463 1114 534 obtulit
1136 463 1206 534 cod.
1229 462 1334 534 Voss.
1379 463 1493 537 Solum
1514 486 1632 534 nomen
1654 464 1798 560 poetriae
1821 467 1930 538 estin

174 588 226 657 ed.
247 585 401 654 Trincav.
424 597 455 650 ct
476 579 510 647 in
534 578 603 647 cod.
627 577 679 660 A„
702 576 735 644 in
758 598 821 670 quo
843 571 879 642 hi
897 599 1008 644 versus
1030 575 1168 669 margini
1186 573 1330 644 inferiori
1351 599 1372 646 a
1394 601 1492 646 mauu
1510 575 1680 666 recentiori
1702 576 1819 646 adiecti
1841 593 1928 647 sunt.

176 696 322 766 Metram
345 693 400 787 qui
422 690 542 785 primus
567 687 699 770 detexit,
733 684 778 752 H.
802 684 955 770 Grotius,
986 686 1053 754 eius
1077 685 1179 778 gratia
1201 709 1262 779 pro
1285 685 1378 755 codd.
1401 685 1537 756 lectione
1558 691 1689 758 κείσεαι
1710 683 1872 759 οὐδέποτε
1895 703 1929 755 ct

174 803 435 874 'l'rincavelliana
463 803 602 871 κεῖσθαι
634 793 813 876 οὐδέποτε,
852 794 979 889 scripsit
1009 793 1089 866 xsio’
1112 792 1201 876 odo,
1238 795 1325 890 qnod
1351 794 1527 889 probarunt
1553 795 1720 865 Bentleius
1749 795 1858 890 Epist.
1886 797 1930 866 ad

132 932 133 936 ’
175 911 360 988 Hemstcrh.
383 939 416 1006 p.
435 911 489 978 65.
513 909 652 1001 (Opusc.
671 903 813 984 Ruhnk.)
837 903 1065 990 Blomlicldus‚
1093 903 1299 974 Geisfordus.
1343 904 1469 976 Verum
1490 905 1653 1000 praesenti
1676 923 1820 1000 tempore
1841 935 1929 978 και·

174 1032 331 1096 devolsa
352 1029 462 1092 κεῖσαι
491 1043 557 1090 uon
580 1032 686 1111 potest
708 1014 907 1109 compellari,
939 1014 1003 1084 nisi
1030 1039 1110 1109 quae
1134 1015 1220 1083 diem
1245 1013 1345 1086 obiits
1385 1016 1590 1111 superstitem
1611 1015 1777 1085 mulierem
1805 1015 1929 1111 alloqui

173 1133 347 1229 poetrium,
371 1131 463 1199 docet
485 1151 639 1222 praesens
662 1126 816 1215 πεδέχεις
838 1123 1031 1194 ethicorum
1052 1123 1231 1222 φοιτᾶσεις.
1275 1124 1320 1194 At
1341 1151 1382 1194 ne
1404 1126 1511 1220 ipsum
1533 1125 1662 1220 quidem
1683 1130 1827 1208 κείσεαι,
1857 1151 1931 1195 mm

176 1241 343 1338 participio
360 1245 582 1311 κατθανοῒσα
598 1251 821 1320 constructum,
845 1236 1034 1303 sententiam
1052 1234 1200 1304 absolvit.
1233 1231 1350 1328 Neque
1368 1236 1453 1303 enim
1473 1235 1555 1304 illud
1576 1235 1708 1305 verbnm
1725 1227 1830 1305 solum
1852 1260 1929 1304 con·

174 1368 329 1445 temptum
350 1349 480 1433 indicat,
502 1364 536 1416 ut
558 1347 651 1414 licent
673 1361 813 1413 vertere:
854 1345 1004 1434 Quando
1028 1355 1168 1412 mortua
1189 1344 1269 1427 eris,
1293 1344 1463 1416 oblivione
1485 1344 1612 1413 obruta
1633 1345 1784 1425 iacebis5
1819 1369 1925 1440 neque

174 1465 281 1532 iuncta
302 1459 399 1543 hacc,
433 1456 562 1526 iacebis
585 1465 742 1536 mortua,
773 1455 929 1546 integram
952 1457 1142 1522 sententiam
1163 1452 1312 1538 efficiunt,
1343 1454 1407 1522 nisi
1436 1455 1565 1525 accedat
1586 1454 1699 1525 vocula
1722 1455 1925 1548 elenando,

53 1603 57 1614 =
173 1570 270 1644 πότοι.
313 1570 352 1638 ln
375 1567 475 1637 altero
499 1581 603 1634 autem
625 1563 779 1633 orationis
801 1564 944 1632 membro
967 1561 1125 1636 οὐδέποτε
1147 1562 1278 1632 ridicule
1301 1562 1495 1657 duplicatum
1517 1580 1576 1649 est,
1600 1568 1676 1659 quia
1696 1555 1851 1661 ὕστερον,
1874 1588 1926 1632 se·

174 1682 279 1752 eundo
300 1680 372 1749 loco
395 1677 555 1759 additum,
594 1672 774 1742 nihilfecit
798 1673 838 1742 ad
861 1674 1004 1766 vigorem
1027 1673 1174 1744 dictionis
1198 1673 1395 1765 augendum,
1429 1672 1486 1742 sed
1508 1674 1689 1744 necessario
1711 1675 1747 1742 in
1768 1673 1930 1768 prioribus

174 1791 225 1859 his
249 1785 398 1861 οὐδέποτ’
417 1790 555 1867 ἔσσεται,
579 1807 772 1878 quamquam
794 1807 860 1851 non
884 1783 1000 1852 diserte
1022 1784 1234 1869 enrmciatum,
1256 1782 1453 1876 intelligitur.
1475 1783 1703 1854 ¹Commodum
1720 1800 1769 1852 est
1791 1783 1833 1852 ad
1855 1808 1929 1852 sen.-

175 1925 246 1968 sum
267 1897 435 1967 Plutarchi
457 1895 548 1977 οὐδὲ,
570 1911 671 1962 metro
696 1891 794 1962 officit
804 1913 823 1962 ι’
835 1917 894 1961 nos
917 1891 990 1968 aori
1012 1893 1120 1987 potius
1144 1917 1240 1986 quam
1260 1895 1320 1964 καὶ
1344 1893 1499 1977 dedimus,
1523 1893 1640 1987 partim
1662 1895 1739 1987 quia
1760 1890 1930 1962 Plutarchi

175 2009 305 2078 voculae
328 2006 465 2101 propius
489 2022 547 2090 cst,
570 2004 687 2098 partim
709 2004 784 2097 quia
798 2003 945 2095 negativa
959 2003 993 2072 iu
1010 2003 1167 2098 principio
1184 2004 1341 2086 enunciati
1356 2001 1471 2096 placet.
1504 2007 1650 2076 Keloeal
1662 2031 1743 2074 nore
1762 2005 1823 2073 καὶ
1838 1999 1925 2070 Vol·

175 2143 269 2212 gerus
301 2144 372 2188 curn
394 2112 649 2185 blitscherlichio
679 2114 721 2182 ad
744 2112 860 2181 Horat.
882 2111 994 2180 Carm.
1017 2111 1042 2196 l,
1062 2126 1092 2197 o,
1114 2127 1165 2193 ¹7.
1196 2109 1261 2181 Vs.
1280 2123 1310 2177 2.
1334 2110 1428 2205 plene
1455 2112 1533 2180 olim
1554 2116 1685 2183 ἔσσεται
1692 2143 1705 2191 ,·
1737 2112 1810 2181 dein
1832 2111 1930 2205 pleri·

176 2253 236 2326 que
259 2225 345 2300 οὐδέ
362 2223 435 2297 ποκ’
456 2224 609 2320 ὕστερον,
630 2222 675 2290 Η.
700 2220 835 2291 Grotius
858 2219 1009 2294 eridehor'
1025 2227 1074 2300 εἷς
1094 2220 1248 2317 ὕστερον,
1271 2220 1358 2314 quod
1379 2221 1495 2316 repetit
1514 2220 1745 2291 Blomlieldus:
1772 2216 1930 2292 edde'nooe'

61 2405 63 2408 .
177 2337 227 2418 εἰς
250 2335 456 2407 Gaislordus.
500 2332 663 2426 Volgcrus
694 2348 800 2401 autem
822 2329 1069 2402 Illitscherlichii
1097 2330 1353 2425 supplementum
1378 2329 1534 2402 υύδέποιί
1549 2327 1598 2402 αὖ
1626 2347 1789 2426 praestare
1811 2345 1930 2400 censet.

175 2449 276 2516 lmmo
299 2442 348 2526 εἰς
369 2444 527 2540 ὕστερον,
550 2437 600 2521 εἰς
622 2439 736 2523 ὀπίσω,
759 2437 880 2523 εἶσαεί,
909 2440 945 2508 in
962 2451 1159 2531 posterum,
1182 2442 1218 2508 in
1235 2451 1455 2531 perpensum,
1489 2441 1582 2510 durat
1603 2438 1742 2510 hominis
1764 2439 1931 2525 memoria,

178 2563 286 2652 inepte
317 2570 452 2647 negatur
482 2551 590 2622 futuro
618 2568 760 2645 tempore
784 2574 906 2618 rursus
939 2549 1125 2619 suscitatum
1145 2549 1204 2635 iri,
1236 2574 1317 2646 quae
1348 2550 1492 2618 nondum
1522 2550 1667 2619 exolevit.
1711 2548 1840 2620 Deinde
1870 2572 1931 2643 pro

184 2665 320 2742 Stobaei
341 2664 475 2735 lectione
496 2664 652 2754 μετέχεις
675 2661 809 2730 Grotius
833 2659 901 2728 siue
923 2647 1014 2730 libri's
1036 2663 1209 2750 πεδέχειςς
1240 2659 1410 2729 concinunt
1432 2659 1526 2729 codd.
1547 2659 1729 2746 Plutarchi,
1758 2659 1813 2754 qni
1834 2657 1930 2728 simul

181 2802 252 2849 cum
271 2773 358 2842 Aldu
376 2770 541 2841 Aeolicam
563 2770 701 2839 formam
716 2769 976 2864 Wyttcnbachio
999 2769 1243 2864 suppeditanmt
1263 2770 1297 2837 in
1315 2768 1452 2859 Quaest.
1471 2770 1595 2864 Symp„
1617 2770 1652 2838 in
1668 2768 1782 2840 Praec.
1804 2769 1930 2862 coniug.

179 2887 252 2956 edd.
275 2883 351 2957 Ald.
372 2882 453 2951 Bas.
476 2896 508 2949 et
530 2880 624 2949 codd.
647 2879 687 2948 A.
711 2879 753 2948 E.
776 2880 811 2948 in
834 2876 950 2948 affecta
973 2881 1131 2973 scriptura
1151 2877 1245 2951 παῖδ’
1259 2885 1351 2971 ἔχεις
1378 2896 1411 2950 et
1433 2880 1503 2950 cod.
1525 2877 1568 2947 B.
1590 2879 1625 2948 in
1646 2879 1781 2950 lectione
1802 2879 1931 2973 gravius

178 3009 327 3086 cormpta
355 2997 483 3070 ,παῖδας
504 2996 596 3088 ἔχεις
630 2991 786 3083 genuinae
808 2988 936 3058 dialecti
956 2989 1076 3058 indicia
1097 2988 1261 3084 praebent.
1308 2992 1496 3080 Πεδεχεις,
1525 2986 1783 3059 aValclrcuario
1806 3013 1933 3084 quoqne

180 3107 222 3176 ad
245 3103 359 3196 Eurip.
382 3098 508 3168 Phoen.
531 3110 626 3176 1034.
651 3100 915 3183 commendatum,
939 3100 1081 3168 scribunt
1102 3124 1121 3167 a
1143 3098 1306 3170 Bnmclrio
1328 3100 1404 3169 inde
1427 3124 1548 3168 omnes.
1587 3098 1676 3169 Tum
1692 3098 1832 3169 Bnmclr·
1856 3123 1932 3192 app.

179 3207 813 3306 Anser„schneid.,1310mf.ssptsur.
856 3208 895 3276 ln
916 3207 1084 3278 Plutarchi
1106 3209 1220 3278 Praec.
1244 3209 1369 3301 coniug.
1392 3209 1486 3280 codd.
1508 3210 1550 3278 A.
1573 3207 1615 3278 Ε.
1639 3208 1759 3307 ῥόδον.
1802 3207 1932 3278 Deinde

180 3323 314 3400 Stobaei
337 3321 407 3394 cod.
431 3320 471 3387 A.
494 3315 569 3390 ιιιίν
592 3317 700 3390 dt‘dao
722 3317 844 3412 δόμοις
865 3317 1053 3416 ponderas,
1074 3319 1145 3388 cod.
1168 3317 1270 3388 Voss.
1284 3315 1359 3390 κείν
1380 3315 1470 3390 a’t‘doe
1488 3324 1740 3417 Ιδιιμιιφοίιιισις.
1775 3322 1931 3398 Φοίτασις

183 3436 348 3510 Gesnerus
373 3454 500 3524 quoque
523 3429 557 3496 in
581 3429 691 3496 ordine
714 3427 826 3515 habet,
857 3430 891 3497 in
913 3429 1056 3522 margine
1079 3428 1214 3498 alterum
1235 3453 1273 3497 ex
1296 3429 1475 3498 coniectrua
1496 3429 1614 3523 perurit.
1659 3428 1743 3498 Mox
1764 3455 1837 3498 cum
1858 3425 1931 3498 Sal·

140 3593 152 3603 .
178 3545 282 3614 masio
305 3557 338 3612 et
353 3539 517 3632 scaligero
540 3539 582 3612 ad
595 3537 746 3632 Propert.
768 3564 800 3632 p.
818 3539 893 3607 216.
935 3539 1068 3609 Grotius
1091 3536 1163 3611 add*
1181 3535 1351 3636 ἀμαυρῶν
1374 3563 1434 3632 pro
1456 3553 1562 3607 vetere
1586 3537 1679 3612 παῖδ’
1694 3537 1745 3624 ob,
1769 3537 1857 3634 quod
1879 3561 1931 3608 so·

181 3653 248 3724 lum
269 3651 395 3721 vidctm
415 3648 555 3718 movisse
579 3648 769 3733 Gesuemm,
797 3665 832 3718 ut
854 3649 1005 3743 pendenti
1027 3648 1195 3719 verborum
1217 3649 1446 3720 constructioni
1467 3675 1562 3744 opem
1583 3648 1705 3718 letums
1716 3702 1726 3734 ,
1758 3665 1834 3746 post
1855 3673 1926 3718 ver·

170 3761 257 3832 bum
278 3759 445 3860 φοιτάσιις
467 3760 620 3828 insereret
641 3755 729 3843 baec,
752 3755 865 3838 οὐδεὶς
883 3761 927 3829 δι’
939 3789 975 3833 σε
991 3763 1132 3852 βλέψει,
1154 3759 1237 3828 etin
1254 3760 1316 3828 line
1338 3760 1616 3848 inuenerem'noer
1638 3759 1799 3829 scriberet.
1835 3759 1932 3831 Certe

181 3870 238 3946 illa
260 3893 363 3962 neque
387 3871 474 3962 apud
497 3868 736 3938 Trincavelhun
758 3893 862 3968 neque
884 3869 918 3940 in
941 3869 1034 3938 codd.
1057 3868 1166 3939 Grotii
1189 3885 1243 3938 ant
1265 3868 1434 3939 Gaisfordi
1455 3885 1581 3964 reperta
1604 3885 1699 3955 suut,
1731 3886 1763 3940 ct
1784 3868 1929 3938 nomina-

181 3981 282 4056 tivum
304 3978 462 4072 participii
484 3978 518 4051 in
535 3979 627 4047 codd
646 3979 687 4046 A.
706 3975 809 4046 Voss.
832 3978 896 4072 legi
913 3994 1048 4047 testatur
1068 3976 1274 4048 Gaisfordus.
1309 3976 1488 4048 Brunclcius
1512 4003 1587 4072 app.
1604 3979 1723 4048 Anacr.
1747 3996 1778 4048 et
1797 3976 1930 4049 Schnei-

183 4091 277 4162 derus
300 4089 473 4184 ιιίδιιυρον
495 4111 554 4180 pro
576 4086 682 4156 verbis
705 4088 775 4164 πεδ’
794 4086 972 4187 ἀμαυρῶν,
1003 4103 1166 4181 tamquam
1188 4084 1354 4156 Aeolicum
1376 4112 1435 4181 pro
1458 4087 1581 4180 vulgari
1601 4093 1789 4185 μετέωρον.
1836 4087 1931 4158 Cete-

181 4225 252 4270 rum
275 4196 428 4290 Sappho,
452 4196 576 4263 etiamsi
597 4222 637 4266 ne
660 4197 792 4266 verbum
815 4198 943 4294 quidem
966 4196 1005 4266 de
1029 4197 1078 4265 sui
1100 4197 1239 4266 nominis
1262 4197 1499 4266 immortalitate
1522 4199 1664 4283 addidit,
1688 4197 1860 4270 manifesto
1882 4215 1931 4268 ta·

181 4335 256 4382 men
282 4305 334 4380 his
357 4305 437 4400 ipsis
461 4305 603 4376 versibus
627 4307 692 4374 suis
717 4309 830 4378 studiis
858 4306 1022 4376 mulierem
1043 4307 1165 4376 musica
1188 4323 1255 4375 arte
1276 4331 1343 4376 uon
1364 4307 1521 4376 eruditam
1544 4310 1687 4402 opponit,
1710 4326 1755 4395 ut,
1778 4335 1860 4404 quae
1883 4309 1932 4380 illi

183 4444 255 4496 eam
284 4416 326 4488 ob
355 4437 503 4486 caussam
530 4414 707 4500 abiudicat,
748 4417 808 4518 sibi
839 4417 998 4488 vindicare
1027 4417 1181 4487 rideatur.
1232 4416 1331 4487 Recte
1361 4418 1455 4511 igitru
1484 4418 1654 4511 scriptores
1687 4443 1784 4514 supra
1811 4419 1935 4490 laudati

184 4527 373 4601 sententiam
407 4523 521 4596 horum
556 4548 705 4598 versuum
740 4525 932 4614 extulerunt,
973 4527 1046 4599 licet
1079 4529 1203 4627 poetria
1236 4527 1352 4598 diserte
1380 4528 1509 4598 nonnisi
1544 4528 1583 4597 de
1613 4529 1756 4601 aemulae
1791 4531 1855 4600 vita
1883 4529 1932 4603 in·

182 4637 284 4738 gloria
306 4638 428 4714 duent.
