4274 5290
978 257 1193 388 ..ea-

212 469 352 564 append.
369 459 531 548 Trrmebi3
568 493 606 534 ex
629 465 679 533 ed.
703 463 785 531 lunt.
809 478 841 531 et
869 463 940 533 cod.
960 464 1002 532 Β.
1020 461 1214 534 Gaissordus
1242 460 1386 558 prodidit
1409 459 1591 552 μάταισαν.
1636 457 1803 546 Nostrum,
1840 461 1880 530 dc
1904 485 1969 556 quo

211 579 246 649 111
270 579 295 662 Ι,
316 593 366 660 19.
390 577 517 661 dictum,
542 575 738 669 depromitur
759 599 796 641 er
819 574 890 642 cod.
908 573 948 642 C.
964 590 995 643 et
1011 574 1157 644 Turnebi
1179 571 1335 666 exemplo.
1381 572 1449 641 Sed
1473 569 1617 664 Scaliger
1639 571 1682 640 ad
1703 570 1847 640 Varron.
1870 572 1909 641 de
1924 570 1968 640 L.

213 688 256 756 L.
270 687 317 774 V,
337 701 386 772 19,
409 685 631 769 Blomlieldus,
654 683 859 752 Hennannus
874 682 981 770 ¹Elem.
998 683 1097 752 doctr.
1113 699 1204 752 metr.
1219 709 1252 777 p.
1263 698 1338 760 111.
1354 690 1431 760 151.
1444 681 1624 769 ματεῦσαι,
1649 681 1858 750 Hermannus
1874 707 1967 776 prae·

213 815 300 867 terea
332 801 440 875 ποίας.
484 794 586 884 Quod
616 809 722 862 autem
750 791 895 885 Scaliger
917 792 938 859 l.
955 820 997 877 c.,
1038 791 1198 862 Columna
1220 819 1253 887 p.
1269 800 1341 876 183,
1364 791 1569 859 Hermannus
1591 816 1623 885 p.
1635 800 1711 868 151.
1735 789 1820 860 hunc
1842 816 1969 860 versum

212 931 397 1000 expressum
418 913 530 1000 putant
550 903 651 973 Ennii
672 926 776 988 versu,
801 925 895 995 quem
915 900 1025 971 Varro
1049 902 1201 971 servarit:
1226 901 1333 974 Ibant
1350 901 1526 968 malacum
1548 899 1634 967 νιίτι
1656 899 1836 968 Venetiam
1860 899 1969 968 corol-

208 1018 294 1099 tam,
324 1017 369 1085 ita
391 1030 425 1084 nt
445 1021 570 1105 ματεῖν
592 1014 633 1081 111
654 1035 822 1104 quaeram,
845 1027 880 1080 ut
901 1011 978 1080 alibi
999 1009 1173 1100 ματεύειν,
1202 1005 1237 1082 id
1257 1027 1388 1105 propter
1408 1009 1548 1104 positum
1569 1007 1778 1103 epithetornm
1799 1007 1970 1103 potestatis

82 1193 86 1202 ,
212 1125 394 1194 simillimae
420 1125 521 1220 τέρεν
549 1135 581 1191 11
607 1119 771 1210 μαλακδν
801 1119 1042 1215 posthabuimus
1070 1119 1173 1190 ultimi
1200 1120 1290 1190 verbi
1311 1117 1565 1214 interpretationi
1586 1143 1606 1186 a
1629 1119 1784 1189 Santenio
1807 1120 1969 1206 inventae,

213 1236 267 1330 qni
289 1234 436 1330 apposite
459 1232 569 1300 laudat
591 1230 745 1324 Hesychii
767 1229 925 1324 glossema
959 1237 1084 1312 Ματεῖ,
1111 1239 1220 1313 πατεῖ,
1248 1246 1280 1299 11
1302 1229 1432 1298 Ioannis
1456 1227 1667 1298 Grammatici
1689 1236 1808 1322 11385.
1832 1244 1969 1296 annota-

211 1344 344 1414 tionem:
367 1347 417 1414 Οἱ
434 1337 576 1420 Αἰολεῖς
596 1343 733 1412 τιθέασι
754 1337 796 1412 τδ
816 1347 844 1430 μ
863 1337 943 1411 daal
962 1341 1024 1411 τοῦ
1045 1349 1082 1411 ri·
1104 1347 1221 1418 πατεῖς
1240 1347 1371 1429 ματεῖς,
1392 1335 1546 1408 πατοῦσα
1559 1337 1725 1427 ματοῦσα.
1768 1337 1862 1408 Adde
1879 1338 1969 1408 Koe-

213 1454 300 1522 nium
320 1453 363 1523 ad
379 1452 517 1546 Gregor.
533 1458 655 1544 [1989.
699 1447 840 1518 Prorsus
863 1464 899 1519 ut
920 1447 981 1519 hoc
1002 1449 1073 1518 loco
1096 1466 1147 1519 est
1168 1447 1256 1528 πόας
1270 1451 1368 1544 ιε’ρεν
1383 1447 1506 1530 ἄνθος,
1527 1447 1689 1517 Homerus
1706 1447 1830 1542 Odyss.
1849 1479 1872 1518 ι.
1891 1462 1969 1530 119.

209 1560 317 1660 τέρεν’
346 1563 463 1633 ἄνθεα
488 1565 594 1656 ποίης,
628 1554 1631 1654 Αρο11ο11111111111111111,1113.ΙΠ,898.τερείνηςάνθεα
1652 1562 1758 1655 ποίης.
1807 1557 1874 1627 Sed
1898 1583 1970 1627 cum

212 1689 279 1743 toto
302 1670 480 1763 fragmento
494 1659 716 1767 Spanhemius'
730 1668 773 1737 ad
789 1667 917 1737 Callim.
933 1667 967 1737 in
982 1667 1057 1737 Del.
1074 1668 1149 1735 306.
1171 1666 1350 1762 composuit
1365 1665 1530 1761 Apollonii
1553 1666 1658 1735 locum
1673 1667 1700 1752 Ι,
1716 1667 1782 1734 536
1798 1691 1888 1762 seqq.
1919 1670 1970 1738 Οἱ

204 1780 243 1854 ’δ
245 1834 254 1862 ,
284 1777 359 1851 ὥστ’
382 1777 509 1878 η’δθεοι
531 1782 649 1870 Φοίβῳ
669 1773 780 1874 χορδν
801 1777 825 1871 ἢ
847 1780 900 1848 ἔν1
922 1782 1055 1858 Πυθοῖ,
1094 1777 1153 1848 Ἤ
1173 1807 1239 1849 που
1261 1779 1301 1848 ἐν
1321 1775 1494 1872 Ὀρτυγίῃ,
1530 1775 1627 1874 ἠέρ’
1648 1775 1773 1847 ὕδασιν
1795 1774 1969 1875 Ἰσμηνοῖο

218 1888 442 1988 Στησάμενοι,
464 1885 653 1986 φόρμιγγος
672 1888 757 1958 ὑπαὶ
778 1891 855 1984 περὶ
875 1883 1004 1979 βωμδν
1026 1887 1161 1986 ὁμαριῆ
1180 1884 1379 1977 Ἐμμελάος
1398 1893 1594 1982 κραιπνοῖσι
1616 1888 1721 1957 πέδον
1743 1885 1889 1984 ῥήσσωσι
1903 1884 1969 1957 πό-

213 2007 344 2073 δεσσιν·
381 1996 456 2077 ’Ὡς
483 2005 522 2068 οἱ
542 1994 596 2068 ὑπ’
623 1995 780 2094 Ὀρφῆος
806 1995 941 2093 κιθάρη
972 1999 1143 2096 πάιληγον
1169 1998 1323 2092 ἐρετμοῖς
1351 1993 1494 2068 Πόντου
1524 1991 1663 2092 λάβρον
1689 1995 1796 2092 ὕδωρ.
1843 1995 1968 2087 Quales

203 2107 275 2178 ‘has
301 2109 471 2180 Cretenses
495 2107 619 2200 puellas
644 2105 779 2200 Sappho
802 2107 940 2175 carmine
963 2107 1123 2191 describit,
1160 2105 1239 2174 tales
1263 2105 1384 2199 pictura
1407 2103 1563 2174 exhibitas
1586 2105 1727 2174 ostendit
1747 2104 1967 2175 Philostratus

214 2201 389 2312 lmagg.lI,
408 2234 436 2303 1,
463 2214 604 2286 Veneris
636 2241 675 2284 ex
695 2215 778 2284 mari
806 2232 910 2284 ortum
931 2214 1055 2286 choreis
1078 2214 1288 2299 celebrantes,
1311 2214 1395 2284 dum
1417 2212 1634 2307 άνυποδησίηι
1655 2219 1856 2310 χαίρουσιν,
1888 2219 1969 2314 ἐφε-

212 2329 340 2402 στῶσαι
362 2325 483 2423 άπαλῇ
505 2325 583 2415 πόᾳ,
606 2341 638 2394 11
658 2325 812 2418 magistra
833 2333 951 2421 κροτεῖ
969 2321 1032 2405 τάς
1053 2333 1174 2422 χεῖρας
1196 2328 1255 2396 καὶ
1276 2327 1312 2404 ἔς
1331 2319 1374 2396 ad
1393 2325 1500 2414 μίλος
1521 2326 1648 2404 ἱκανῶς
1670 2323 1869 2417 ἐμβιβάζει.
1902 2326 1970 2396 Ara

213 2463 290 2508 vcro
316 2444 413 2510 δοκεῖ
436 2439 495 2507 real
527 2433 694 2532 Σαπφοῦς
721 2464 754 2504 τι
786 2433 965 2517 άναπνεῖν,
998 2451 1030 2504 11
1056 2451 1164 2528 gestan
1188 2433 1372 2502 saltantium
1394 2431 1565 2520 declarant,
1600 2434 1694 2504 deam
1717 2451 1820 2504 ortam
1843 2435 1908 2505 dici
1930 2460 1968 2505 ex

216 2545 310 2616 Caeli
342 2545 478 2628 semine,
511 2544 721 2638 prodeuntem
750 2569 789 2612 cx
815 2542 910 2629 mari,
945 2550 1046 2638 eoque
1075 2568 1204 2626 seren03
1242 2559 1378 2638 suntque
1405 2559 1587 2614 cantaturae
1610 2543 1762 2639 Paphum
1790 2545 1969 2640 appulsam.

217 2654 392 2726 Mirificam
414 2653 566 2738 tabulam,
596 2677 676 2747 quae
699 2651 777 2722 haec
800 2653 1136 2748 omniaexpresserr't3
1169 2654 1333 2748 egregium
1354 2654 1568 2748 interpretem,
1597 2653 1651 2747 qui
1674 2653 1800 2748 singula
1823 2655 1968 2724 animad-

214 2764 352 2860 verterit,
382 2762 471 2831 nulla
498 2762 599 2856 ipsius
626 2761 752 2831 artificis
785 2761 1007 2857 explanatione
1036 2762 1187 2832 monitus.
1232 2763 1369 2832 Putidae
1401 2761 1612 2832 affectationis
1641 2759 1876 2834 Philostratnm
1902 2763 1970 2835 iure

108 2919 116 2933 ·
215 2873 373 2943 incusaret
394 2870 604 2956 Welckems,
631 2869 696 2940 nisi
718 2871 903 2966 Sapphonis
925 2872 954 2940 is
976 2873 1080 2942 locum
1102 2865 1241 2942 imitatus
1265 2889 1359 2958 essct,
1382 2887 1416 2941 nt
1438 2873 1585 2966 opinatus
1612 2888 1663 2940 est
1684 2871 1773 2940 Frid.
1793 2872 1969 2944 Iaeohsius.

215 2980 269 3052 Ex
292 2981 405 3051 eodem
427 2980 565 3050 carmine
588 2980 725 3054 sortasse
749 2982 886 3075 scriptor
906 2999 1018 3051 noster
1039 2981 1216 3078 desumpsit
1237 2981 1425 3052 vocabulum
1445 2987 1646 3078 μελίφωνοι,
1669 2983 1756 3075 quod
1778 2981 1828 3052 his
1851 2984 1967 3078 puellis

216 3091 365 3186 imponit:
396 3091 436 3160 de
459 3113 522 3185 quo
546 3090 678 3160 dicimus
700 3089 816 3181 fragm
832 3089 936 3158 CXX.
983 3090 1164 3180 Quominus
1188 3109 1293 3162 autem
1316 3091 1524 3186 Sapphonem
1547 3090 1663 3162 hocin
1685 3092 1824 3161 carmine
1847 3093 1968 3164 Hesio·

218 3202 313 3271 deam
333 3200 373 3269 de
395 3199 536 3270 Veneris
559 3199 658 3294 stirpe
680 3198 823 3267 sahulam
845 3223 1030 3268 censeamus
1054 3217 1193 3269 secutam
1214 3225 1296 3286 esse,
1331 3226 1397 3268 non
1418 3199 1552 3296 impedit
1573 3200 1644 3286 hoc,
1672 3202 1760 3296 quod
1782 3227 1878 3273 carm.
1893 3203 1921 3289 1,
1936 3217 1968 3272 2.

218 3309 305 3384 loris
328 3305 534 3396 1111111111,
559 3333 639 3403 quae
661 3307 777 3403 fragm.
791 3306 881 3378 Lllt.
897 3309 1031 3378 eandem
1055 3309 1155 3406 Cypri
1178 3311 1317 3407 genitam
1331 3308 1557 3406 'appellaverit

348 3633 531 3711 Athenaeus
546 3637 636 3706 XIII.
649 3663 683 3734 p.
695 3647 771 3722 ⁵7¹·
788 3638 819 3707 d.
852 3639 1010 3712 Καλοῦσι
1031 3641 1118 3733 γοῦν
1140 3639 1198 3711 καῖ
1220 3644 1263 3712 αἱ
1280 3635 1465 3738 ἐλεύθεραι
1484 3647 1648 3732 ’γυναῖκες
1669 3645 1719 3714 111
1741 3645 1800 3712 καῖ
1820 3641 1889 3714 νῦν
1909 3645 1970 3714 καῖ

214 3751 259 3820 αἱ
275 3751 448 3846 παρθένοι
468 3746 531 3830 τάς
552 3747 716 3847 συνήθεις
737 3751 797 3820 καὶ
817 3755 923 3847 φίλας
943 3754 1090 3848 ἑταίρας.
1119 3750 1165 3832 ὥς
1185 3784 1207 3849 η
1223 3747 1369 3850 Σαιτηά·
1404 3749 1497 3824 Τάδε
1512 3751 1579 3824 νῦν
1599 3755 1752 3849 ἑταίραις
1772 3761 1850 3834 ταῖς
1870 3756 1971 3844 ἐμαῖς

213 3854 345 3954 τερπνά
365 3859 478 3937 καλῶς
498 3858 611 3930 deon
1021 3904 1026 3916 =
1250 3851 1253 3858 ⁴

347 3965 389 4033 In
416 3965 559 4036 eiusdem
582 3967 630 4037 rei
657 3967 881 4038 documentum
902 3964 1085 4040 Athenaeus
1113 3969 1222 4040 adiicit
1248 3969 1363 4064 fragm.
1377 3968 1519 4040 LXVss.
1554 3963 1803 4042 Choriambicos'
1819 3993 1968 4041 numeros

218 4064 375 4144 inaltera
395 4091 487 4167 parte
510 4101 620 4146 versus
643 4077 830 4171 perspicuos
860 4079 1018 4173 prioribus
1048 4079 1152 4148 verbis
1175 4078 1386 4148 Blomfieldus
1417 4081 1552 4150 restituit
1582 4081 1627 4151 sic
1655 4081 1789 4168 relictis,
1829 4081 1969 4178 ε’τάραις

218 4191 336 4257 ταῖσιν
358 4185 468 4273 ἐμαῖς,
490 4186 645 4278 probante
664 4186 853 4256 Hermanno
874 4187 979 4256 Elem.
1001 4189 1101 4257 doctr.
1125 4204 1215 4257 metr.
1238 4214 1271 4284 p.
1286 4187 1362 4292 136ἶ
1407 4185 1480 4259 Nos
1504 4215 1558 4260 cur
1579 4189 1662 4262 hunc
1682 4189 1807 4262 articuli
1828 4193 1968 4287 positum
2109 4213 2110 4234 ¹

218 4314 314 4388 aegre
336 4292 487 4379 feramus,
509 4294 696 4390 explicatum
718 4297 823 4366 estin
845 4295 959 4391 fragm.
975 4297 1027 4382 111
1056 4314 1250 4392 quapropter
1272 4295 1580 4393 hoc'praelerimusr

585 4402 678 4475 Τάδε
699 4406 767 4477 νῦν
787 4407 927 4504 ἑτάροις
948 4407 1069 4481 ταισίιῖ
1090 4411 1190 4498 ε’μαῖς
1209 4405 1340 4505 τερπνά
1359 4409 1474 4492 καλῶς
1494 4407 1607 4485 deno.

218 4510 321 4582 Πσεε
341 4536 432 4582 nunc
454 4511 552 4605 apud
571 4513 703 4582 σπιίσσε
725 4515 832 4585 hasce
852 4543 949 4590 meus
969 4531 1070 4612 grata
1086 4519 1229 4614 pulchre
1251 4519 1412 4590 cantabo.
