4242 5300
1027 246 1087 358 57

186 475 555 549 metrornm'docnimns.
600 475 690 544 Idem
712 481 858 566 γλυνυα.
901 471 1012 546 Ἰστόν
1034 472 1226 544 Gaislordns
1249 487 1281 541 et
1301 469 1526 558 Blomfieldns,
1553 475 1593 544 de
1614 473 1704 544 lihris
1730 477 1808 548 nihil
1831 504 1932 554 anno·

187 577 307 656 untes:
336 587 391 656 alii
415 583 518 658 dordr.
554 585 592 654 In
612 583 754 678 Etymol.
776 583 862 653 Gud.
886 609 919 676 p.
937 583 1011 669 ³16,
1028 593 1081 650 35.
1105 583 1184 652 hace
1208 581 1370 675 leguntur:
1404 583 1549 677 Κερκ1ς,
1578 587 1689 679 κρέκον
1710 583 1778 685 γαρ
1800 620 1933 688 repom.

186 691 307 791 τᾶρχει
328 697 441 796 ῥῆμα,
467 697 559 768 οἷον·
589 698 624 766 Γ
620 701 743 765 λυκεῒα
767 692 894 789 μᾶτερ,
923 697 984 764 καὶ
1011 693 1085 763 οὔτι
1106 691 1256 779 δύναμαι
1278 693 1415 788 repedem
1440 682 1504 761 τόν
1525 677 1653 763 ἱστόν(
1668 698 1782 792 κρέκσο
1809 707 1933 796 repenle,

187 810 247 876 nol
271 805 355 879 καθ’
368 801 635 900 ὑπερβιβασμόν
657 809 788 898 κερκίς·
814 799 910 898 παρα
931 798 973 874 rd
996 803 1139 899 κρέκειν,
1162 800 1184 871 d
1206 804 1296 872 ἐστιν
1317 797 1426 897 ἠχεῖν.
1451 803 1529 896 περὶ
1550 802 1689 875 παθῶν.
1727 806 1829 876 Huius
1854 811 1934 880 indi·

188 913 233 982 cis
257 913 337 984 liher
360 914 471 982 crchro
495 913 642 982 laudatur
665 911 842 979 Herodiani
865 913 992 979 nomine
1017 911 1137 978 addito.
1176 908 1312 993 Eadem,
1336 909 1394 977 sed
1418 908 1528 978 ordine
1553 912 1688 996 turbato,
1711 911 1807 985 hahet
1826 917 1934 1014 Etym.

187 1022 239 1092 M.
262 1049 296 1117 p.
312 1033 386 1090 505.
411 1037 505 1108 estu,
533 1021 566 1090 in
593 1045 687 1088 versu
715 1036 823 1092 tamen
847 1019 1033 1114 Sapphonis
1061 1023 1121 1090 καὶ
1144 1033 1226 1087 recte
1256 1017 1381 1086 omittit.
1427 1016 1601 1088 Contracta
1631 1023 1764 1115 praehet
1788 1025 1932 1098 Zonaras
1999 1009 2002 1016 .

187 1129 268 1204 Lex.
291 1158 325 1226 p.
343 1145 441 1216 1190,
472 1131 500 1199 is
525 1153 649 1224 qnoque
672 1126 747 1201 οὔτι
769 1128 889 1197 omissa
913 1127 1024 1198 vocrrla
1046 1132 1106 1198 real
1130 1128 1282 1197 scribens.
1328 1125 1414 1198 Οὔτι
1435 1143 1570 1196 metrum
1592 1147 1746 1216 evertere,
1777 1136 1870 1227 quale
1894 1139 1936 1210 ah

189 1239 429 1336 Hephaestione
459 1238 652 1334 explicatur,
685 1263 782 1331 snpra
810 1236 1052 1306 declaravimus.
1096 1235 1321 1307 Praetulerunt
1346 1252 1450 1304 autem
1479 1235 1563 1306 hane
1594 1237 1759 1309 lectionem
1785 1243 1935 1334 Ursinus,

189 1348 366 1418 Brouchins
390 1347 498 1417 Anall.
524 1349 569 1416 T.
584 1347 610 1414 l.
636 1374 669 1443 p.
685 1347 737 1415 56.
762 1363 793 1416 et
815 1347 854 1414 A.
872 1347 1085 1417 Schneiderns
1110 1345 1216 1416 select.
1232 1370 1328 1415 canu.
1352 1373 1386 1440 p.
1402 1362 1455 1422 10.
1493 1346 1577 1415 Cum
1600 1364 1667 1416 toto
1690 1349 1763 1419 Ioco
1786 1353 1934 1442 Ursinus,

83 1442 95 1468 ⁵
188 1473 221 1526 et
238 1457 282 1526 Is.
297 1457 437 1526 Vossius
459 1458 502 1524 ad
518 1455 638 1525 Catull.
658 1483 692 1551 p.
711 1469 785 1539 329.
809 1456 974 1526 conferunt
989 1455 1182 1541 Horatiana,
1206 1455 1315 1524 Carm.
1330 1455 1387 1540 ΠΙ,
1403 1470 1453 1540 12,
1471 1471 1491 1532 1
1508 1481 1597 1549 seqq.
1625 1458 1703 1525 Titi
1716 1463 1856 1550 qualum
1872 1465 1936 1560 Cy.

189 1566 322 1636 thersae
339 1591 430 1650 puer
451 1567 535 1648 ales,
560 1564 623 1632 tibi
640 1565 741 1648 telos,
766 1589 997 1658 operosaeque
1013 1567 1192 1634 Minervae
1213 1565 1366 1633 studium
1389 1564 1513 1656 ausert,
1539 1565 1705 1651 Neobule,
1731 1569 1873 1659 Leporei
1888 1575 1937 1642 ni-

190 1686 246 1743 tor
260 1675 381 1744 Hebri.
425 1674 617 1742 Postremae
645 1672 800 1742 formulae
831 1674 932 1742 simile
962 1691 1013 1742 est
1038 1674 1101 1742 hoc
1124 1674 1259 1743 Hesiodi
1284 1672 1411 1766 Theog.
1433 1673 1508 1755 962.
1537 1672 1602 1745 Ἐν
1622 1675 1778 1774 φιλότητι
1801 1683 1938 1769 γείναθ’

187 1785 427 1881 ὑποδμηθεῖσα
449 1779 507 1854 deoi
529 1785 682 1878 χρυσέην
704 1779 921 1879 Ἀφροδίτην.
949 1781 1037 1850 Vide
1060 1782 1180 1851 ibidem
1203 1791 1359 1851 vsstm.
1379 1793 1586 1861 10051011.
1610 1785 1727 1880 fragm.
1743 1787 1819 1857 VII.
1849 1791 1936 1862 Alibi

190 1893 302 1964 eadem
327 1908 483 1989 potestate
508 1908 557 1962 est
579 1897 676 1964 ἕκατι
699 1889 892 1989 Κάστορος,
920 1896 1085 1988 Χαρίτων
1107 1896 1219 1977 ἕκατι,
1248 1901 1386 1958 auctore
1413 1890 1565 1960 Castora.

988 2063 1142 2132 XXXIII.

323 2173 521 2272 Hephaestio
547 2195 580 2274 p.
596 2191 650 2252 11.
685 2171 736 2246 Tei
749 2171 918 2248 Αἶσλαδν
933 2179 1010 2253 ἴσως
1023 2173 1064 2246 ro*
1079 2169 1330 2263 umelnnmdr
1353 2169 1514 2243 τοιοῦτόν
1537 2173 1620 2244 ἐστι·

455 2295 459 2300 ’
561 2287 725 2374 Κέλομαί
740 2314 819 2356 τινα
842 2281 907 2356 τόν
930 2290 1100 2380 χαρίεντα
1122 2285 1277 2353 Μένωνα
1300 2282 1476 2363 καλέσσαι,

560 2389 596 2466 εἰ
614 2391 683 2493 χρῆ
705 2399 904 2484 συμποσίαις
926 2391 976 2464 e'n’
998 2393 1121 2464 ὄνασιν
1144 2394 1221 2484 ἐμοὶ
1243 2391 1461 2488 γεγενῆσθαι.

189 2503 296 2574 Iubeo
317 2503 464 2596 aliquem
487 2515 662 2572 venustum
676 2504 859 2572 Meteonem
879 2526 1014 2587 vocare,
1036 2503 1071 2570 si
1086 2499 1170 2572 mihi
1188 2500 1286 2568 vultis
1308 2499 1464 2568 convivia
1481 2497 1702 2569 delectationi
1718 2527 1803 2574 esse.
1841 2506 1938 2578 Prior

193 2638 301 2682 versus
322 2612 437 2707 legitur
458 2613 560 2682 etiamr
573 2613 659 2706 apud
678 2611 788 2682 Schol.
804 2611 983 2708 Hephaest.
1004 2637 1036 2706 p.
1052 2625 1124 2693 177.
1161 2608 1226 2677 Ed.
1246 2609 1329 2678 lunt.
1351 2624 1382 2677 et
1403 2609 1474 2677 cod.
1495 2606 1539 2674 H.
1560 2609 1745 2700 στέλλομαι,
1770 2613 1843 2683 dein
1861 2617 1935 2690 lihn‘

191 2740 313 2792 veteres
334 2723 420 2808 editi,
449 2738 481 2790 et
507 2739 542 2791 ut
561 2721 755 2791 Gaislordus
775 2711 1117 2816 putat'manuscripti,
1133 2720 1299 2798 uoldoaes
1321 2717 1391 2788 cod.
1406 2716 1448 2786 Β.
1465 2731 1496 2784 2.
1516 2722 1634 2814 ἔχρην,
1655 2720 1697 2790 Β.
1714 2737 1744 2790 3.
1767 2723 1861 2823 ἕχρῆ,
1884 2729 1958 2798 11.

192 2833 275 2902 lunt.
297 2849 329 2902 et
351 2832 443 2902 codd.
460 2832 504 2900 H.
519 2831 562 2900 Β.
583 2828 755 2914 ἕηόνασιυ,
777 2831 851 2900 lihri
872 2855 982 2900 omnes
1005 2834 1200 2920 συμποσίας.
1229 2829 1307 2898 Sine
1328 2829 1457 2894 nomine
1479 2830 1616 2896 auctoris
1640 2847 1672 2898 et
1690 2830 1752 2901 hoc
1767 2831 1935 2929 fragmen-

193 2957 260 3012 tum
287 2959 318 3011 ct
338 2941 480 3036 proxime
501 2941 702 3034 insequentia
722 2939 921 3035 Hephaestio
947 2938 1088 3034 prosertz
1120 2963 1216 3032 quum
1237 2952 1345 3005 autem
1369 2935 1421 3006 hic
1443 2935 1513 3030 ipse
1539 2963 1649 3006 versus
1675 2941 1843 3036 Sapphoni
1869 2963 1937 3017 tam

107 3083 110 3088 ·
195 3051 346 3147 frequens
367 3049 479 3136 suerit,
502 3066 538 3119 nt
565 3050 606 3118 ah
629 3073 667 3118 ea
687 3051 729 3118 sit
757 3051 1016 3143 cognominatus,
1039 3072 1196 3142 quumque
1220 3047 1378 3114 sententia
1396 3045 1463 3114 eius
1490 3047 1619 3137 ingenio
1643 3049 1739 3142 plane
1760 3056 1936 3143 conveniat,

195 3188 266 3232 cum
286 3160 432 3254 Volgero
457 3161 634 3229 censuimus
657 3159 739 3228 inter
758 3158 943 3253 Sapphonis
966 3157 1117 3251 reliquias
1138 3154 1244 3224 locum
1262 3155 1405 3223 versibus
1428 3156 1546 3223 nostris
1568 3159 1813 3229 concedendum.
1860 3164 1938 3254 Qua

197 3287 353 3366 potestate
373 3297 456 3338 nunc
479 3264 649 3362 legitdrec'
662 3265 740 3366 χρῆ,
760 3269 794 3336 in
813 3293 912 3363 prosa
932 3267 1075 3336 oratione
1097 3264 1317 3360 frequentatur
1337 3259 1372 3335 εἰ
1387 3267 1511 3354 μέλλω,
1534 3281 1569 3332 ut
1589 3266 1673 3358 apud
1692 3266 1872 3356 Platonem,
1897 3274 1937 3343 de

195 3405 260 3476 quo
286 3379 358 3449 vide
386 3377 608 3448 Heindorlium
635 3380 677 3448 ad
697 3376 916 3460 Parmen.71.
962 3362 1103 3446 Nostrae
1132 3373 1286 3443 formulae
1317 3398 1382 3441 non
1410 3374 1525 3443 desunt
1545 3375 1690 3469 exempla
1710 3393 1875 3470 poetarum
1897 3380 1936 3449 Ii·

194 3491 273 3559 hris.
316 3489 364 3558 Ut
385 3487 625 3582 Chrysothemis
645 3488 680 3555 in
701 3486 871 3581 Sophoclis
893 3486 1022 3556 Electra
1044 3509 1092 3552 vs.
1108 3498 1182 3566 339.
1202 3477 1240 3582 ei
1255 3479 1285 3554 δ’
1296 3484 1491 3578 ἐλευθέραν
1513 3512 1557 3573 με
1581 3490 1635 3555 dei
1655 3485 1728 3582 ζῆν,
1760 3486 1829 3558 τῶν
1852 3517 1936 3586 κρα-

195 3596 347 3672 τούντων
369 3599 437 3669 ἐστὶ
459 3595 555 3669 πάντ’
567 3595 750 3678 ἀκουστέα,
778 3597 813 3665 id
840 3585 905 3681 est,
934 3596 1043 3663 sime
1067 3592 1204 3684 pateris
1231 3590 1371 3661 liberam
1401 3592 1515 3660 vivere.
1560 3591 1629 3661 Pro
1654 3590 1690 3663 εἰ
1713 3592 1791 3662 alibi
1817 3613 1867 3666 est
1891 3595 1939 3670 αἱ

195 3709 325 3777 Deinde
345 3708 502 3801 genitivus
526 3711 713 3796 συμποσίας
735 3721 818 3774 recte
845 3703 1048 3788 rehaberet,
1072 3699 1298 3782 οἰέσόνασις,
1329 3703 1506 3796 ἕπονίνημι
1530 3700 1655 3770 Graeca
1681 3717 1806 3771 essent:
1841 3731 1938 3800 quum

196 3817 467 3914 praepositionem
487 3816 556 3885 iure
576 3817 713 3884 editores
737 3812 904 3883 anomine
925 3827 1107 3897 sommant,
1130 3811 1232 3879 nostri
1252 3809 1396 3878 vocabuli
1415 3801 1586 3904 requiritur
1610 3811 1822 3899 accusativus,
1850 3819 1937 3886 cuius

195 3929 253 3999 illa
273 3941 321 3997 est
342 3926 428 4021 apud
442 3925 559 3995 Aeoles
582 3923 697 3995 forma.
741 3923 794 3996 Tei
815 3919 958 4021 πρᾶγμά
976 3952 1036 4012 μοι
1056 3917 1142 4018 πρός
1159 3917 1288 4019 ἡδονήν
1306 3919 1385 4005 ἐστι,
1411 3942 1463 3985 nes
1486 3916 1570 3984 mz'ti
1588 3919 1798 4009 voluptatem
1820 3925 1938 4018 essert,

197 4037 351 4133 loquendi
372 4059 472 4130 genus
494 4051 592 4104 estet
611 4036 715 4128 poetis
735 4050 767 4104 et
787 4033 909 4103 solutae
932 4031 1084 4101 orationis
1108 4029 1288 4100 auctoribus
1309 4027 1477 4110 usitatum,
1506 4028 1658 4122 exemplis
1679 4030 1897 4102 confirmatum
1918 4059 1939 4104 a

197 4146 359 4218 Dorrillio
381 4143 424 4213 ad
445 4142 568 4212 Charit.
595 4169 627 4238 p.
644 4153 718 4221 551.
746 4160 779 4213 et
805 4142 998 4213 Blomlieldo
1031 4141 1141 4209 Gloss.
1161 4136 1309 4231 Aeschyl.
1333 4137 1446 4228 Agam.
1463 4142 1537 4216 278.
1598 4136 1737 4231 Propius
1764 4141 1860 4210 etiam
1879 4167 1937 4212 no·
2041 4213 2045 4219 ,

197 4273 282 4327 strae
305 4253 435 4326 dictioni
455 4252 615 4322 Aristides
633 4253 668 4322 in
682 4251 777 4349 Lept.
791 4266 846 4335 72.
873 4252 894 4324 ὁ
917 4247 974 4330 ode
995 4249 1102 4340 νόμος
1124 4251 1163 4320 ἕν
1184 4245 1294 4335 τούτῳ
1316 4241 1402 4341 πρός
1424 4243 1543 4344 ὄνησιν
1564 4249 1659 4318 ἔσται
1680 4249 1725 4342 τῇ
1747 4246 1850 4332 πόλει.

988 4407 1020 4474 X
1138 4457 1148 4474 .

281 4489 284 4498 .
333 4515 533 4613 Hephaestio
554 4541 588 4611 p.
603 4530 658 4595 11.
686 4508 839 4586 Αἶσλικσῖ
860 4405 1335 4606 πεντάμετξαχῐκγαταληκτινοῖ
1356 4503 1406 4589 εἰς
1426 4504 1651 4602 δισύλλαβσν·

672 4629 744 4716 Τίῳ
767 4621 806 4712 α’,
830 4617 857 4694 d
877 4628 954 4720 φίλε
976 4618 1126 4716 γαμβρδ,
1150 4618 1263 4697 καλῶς
1285 4617 1450 4699 tedium·

668 4733 794 4832 dpereat
815 4729 977 4830 βραδινῷ
998 4759 1034 4802 σε
1055 4725 1188 4818 μάλιστ’
1199 4724 1350 4802 a'ttcet'odce.
1579 4817 1625 4892 [ὃ]
