4274 5290
1030 245 1119 337 105

969 359 1183 374 Ἦ

198 459 374 564 Sufficient
395 486 474 556 haec
489 483 546 572 iis,
569 486 624 580 qui
647 486 686 555 de
708 485 858 556 facultate
880 509 953 555 mea
976 487 1120 556 edendae·
1140 509 1267 581 operae,
1293 512 1389 580 quam
1410 488 1444 556 iu
1465 488 1568 558 indice
1591 488 1663 557 libri
1685 488 1851 584 professus
1868 514 1948 576 sum,

196 599 336 668 iudicare
353 597 518 666 voluerint
563 592 643 665 Non
665 595 938 690 ausim-equidem
959 596 1112 691 polliceri,
1135 598 1258 666 maiora
1281 599 1388 667 omnia
1411 615 1443 667 et
1465 599 1684 694 splendidiora
1706 599 1877 696 aliquando
1899 629 1950 670 me

196 708 436 804 praestiturrnn,
465 707 523 775 sed
550 706 625 800 quid
653 729 673 774 a
704 731 754 773 me
784 731 823 774 ex
851 706 1016 801 praesenti
1036 709 1170 776 materia
1191 707 1274 776 effici
1297 709 1411 805 possit,
1446 709 1486 778 de
1509 707 1570 777 boc
1593 709 1765 802 specimine
1789 711 1950 778 aestimari

196 818 306 913 cupio:
329 839 523 912 quamquam
546 815 575 884 si
596 813 678 885 forte
701 831 776 886 tunc
797 839 863 886 non
884 815 1035 911 pauciora
1057 841 1096 885 ex
1118 815 1178 887 hoc
1200 815 1452 911 fragmentorum
1467 817 1700 914 Sapphicornm
1723 843 1856 914 corpore
1882 821 1951 888 risa

196 927 315 998 fuerint
340 925 551 1010 retractanda,
582 949 678 1020 quam
705 951 788 1012 nunc
809 927 916 1022 ipsum
937 949 1050 1021 parum
1080 925 1159 996 milui
1187 926 1385 996 satisfaciunt
1407 955 1445 998 ex
1466 929 1516 1014 iis,
1547 955 1628 1024 quae
1651 930 1868 1024 quinquennio
1891 931 1949 998 ab·

197 1038 271 1108 binc
294 1039 334 1106 de
355 1034 560 1130 Bacchylidis
581 1034 725 1129 reliquiis
749 1051 978 1106 commentatus
1002 1061 1082 1121 sum,
1119 1037 1153 1106 in
1175 1036 1263 1106 lucro
1287 1038 1457 1132 deputabo.
1503 1039 1629 1108 Verum
1652 1041 1707 1108 uni
1728 1043 1777 1108 rei
1798 1039 1949 1109 intentius

197 1165 265 1218 tum
288 1146 432 1232 studebo,
471 1169 567 1240 quam
589 1143 693 1215 adhuc
715 1145 784 1214 fieri
804 1145 917 1241 potuit,
951 1146 1167 1240 conquirendo
1190 1147 1230 1216 de
1252 1147 1331 1217 locis
1354 1149 1419 1218 iam
1440 1149 1575 1244 cognitis
1598 1150 1807 1218 instrumento
1830 1149 1948 1232 critico,

198 1274 230 1328 et
251 1258 314 1351 ipsi
336 1255 585 1351 fragmentorum
607 1255 734 1348 corpori
755 1255 990 1350 amplificando.
1037 1253 1114 1346 Quo
1145 1255 1179 1325 iu
1212 1248 1327 1349 genere
1357 1259 1386 1327 si
1413 1258 1464 1329 bic
1490 1259 1573 1328 liber
1602 1257 1806 1353 imperfectus
1837 1259 1949 1352 depre-

197 1368 316 1439 hensus
344 1365 448 1451 fuerit,
485 1365 515 1434 si
536 1364 627 1460 plura
648 1365 768 1461 pariter
788 1391 839 1434 me
861 1365 1090 1460 praeterierint,
1126 1391 1164 1435 ac
1190 1367 1319 1436 demum
1349 1366 1432 1437 inter
1454 1368 1597 1438 laborem
1624 1368 1771 1463 plagulas
1794 1395 1831 1438 er
1855 1383 1945 1462 typo·

197 1477 339 1574 grapheo
368 1475 483 1544 allatas
513 1475 704 1545 emendandi
732 1477 766 1544 in
795 1475 913 1544 blaseo
944 1475 1052 1546 critico
1079 1473 1330 1546 Vratislariensi
1353 1479 1520 1573 quaedam,
1555 1503 1638 1572 quae
1668 1479 1711 1548 ad
1733 1503 1862 1548 carmen
1883 1477 1949 1570 pri·

197 1615 285 1658 mum
306 1586 496 1684 pertineant,
528 1586 635 1654 inesse
658 1587 802 1678 cognovi,
837 1585 922 1655 unde
943 1609 1009 1654 non
1031 1603 1200 1681 potuerunt
1221 1586 1282 1655 nisi
1304 1588 1473 1682 potissima
1496 1589 1654 1684 suppleri:
1693 1613 1765 1658 vere
1787 1587 1895 1658 licebit
1918 1603 1950 1656 ct

197 1697 352 1768 librorum
374 1697 539 1790 penuriam
561 1711 594 1764 et
615 1694 671 1764 otii
693 1695 876 1765 tenuitatem
898 1719 1059 1766 excusare.
1099 1695 1209 1786 Quam
1230 1697 1316 1766 enirn
1338 1683 1551 1770 veniam'non
1575 1723 1644 1768 sum
1665 1699 1830 1796 petiturus,
1853 1723 1951 1792 quum
1985 1755 1991 1764 .

198 1809 295 1879 editio
317 1807 392 1876 libri
413 1831 486 1874 meo
508 1804 640 1875 arbitrio
664 1805 783 1874 differri
805 1805 931 1900 poterit,
955 1806 1066 1890 donec,
1090 1827 1170 1900 quae
1194 1829 1274 1901 opus
1298 1823 1380 1892 sunt,
1403 1821 1594 1902 praeparata
1615 1809 1749 1879 fuerint:
1771 1829 1844 1878 eam
1865 1831 1950 1877 nunc

198 1917 291 1990 facile
314 1918 424 1986 datum
445 1915 485 1984 iri
508 1915 645 2000 confido,
686 1915 837 2008 qnoniam
870 1914 962 1984 huius
991 1913 1091 1984 libelli
1118 1914 1283 1985 emittendi
1309 1932 1428 1986 certum
1457 1931 1581 2010 tempus
1604 1917 1674 2012 lege
1698 1933 1849 1988 statutum
1871 1933 1950 1986 erat.

199 2027 370 2100 Nonnulla
391 2026 581 2120 fragmenta,
602 2025 731 2093 nomine
753 2027 891 2095 auctoris
913 2049 979 2093 non
1002 2019 1163 2120 adscripto
1186 2043 1388 2112 conservata,
1421 2051 1502 2121 quae
1529 2025 1667 2096 fortasse
1691 2026 1746 2096 alii
1766 2027 1951 2097 iudicabunt
1989 2091 1996 2100 .

200 2137 368 2234 Sapphoni
390 2135 557 2206 tribuenda
578 2133 689 2216 fuisse,
712 2135 816 2204 sciens
840 2135 950 2205 omisi:
972 2158 1010 2205 ac
1031 2136 1137 2206 fateor
1156 2135 1255 2204 iubis
1278 2136 1467 2232 recipiendis
1490 2136 1733 2206 excludendisve
1756 2153 1875 2206 certam
1897 2161 1949 2206 me

198 2273 344 2318 normam
364 2271 430 2317 non
452 2262 603 2330 secutum,
643 2245 706 2312 nisi
728 2259 763 2314 ut
793 2243 859 2314 lere
889 2269 929 2315 ea
950 2268 1139 2340 promerem,
1176 2269 1260 2339 quae
1286 2245 1394 2341 aliqua
1422 2271 1497 2316 cura
1526 2269 1597 2316 mea
1624 2246 1766 2316 adiuvari
1797 2261 1949 2340 possent3

200 2374 393 2454 quapropter
416 2357 582 2452 quaedam,
623 2378 704 2449 quae
726 2379 810 2423 nuuc
833 2352 1017 2450 sapphonis
1052 2355 1112 2426 'sub
1133 2357 1263 2425 nomine
1285 2354 1441 2451 legrmtnr,
1470 2355 1643 2451 aliquando
1664 2355 1845 2426 reiicientur
1866 2355 1950 2424 inter

198 2467 405 2538 Aeolensimu
434 2466 600 2560 reliquias,
636 2487 770 2557 quarum
803 2464 843 2533 de
879 2463 1060 2535 auctoribus
1095 2489 1162 2535 nou
1191 2481 1326 2536 constet
1370 2467 1423 2536 De
1456 2467 1530 2562 ipsa
1561 2466 1672 2536 talium
1697 2463 1949 2561 fragmentorum

199 2578 420 2648 emendatione
450 2600 516 2645 non
545 2597 677 2670 prorsus
704 2573 785 2642 mibi
814 2574 963 2644 convenit
991 2601 1062 2645 cnm
1092 2576 1161 2644 viro
1184 2575 1398 2644 eruditissimo
1421 2591 1454 2642 et
1476 2577 1516 2644 de
1538 2575 1652 2645 litteris
1677 2576 1812 2646 Graecis
1835 2574 1948 2646 eximie
2040 2655 2044 2660 ¹

197 2688 321 2773 merito,
352 2686 407 2782 qui
428 2711 530 2783 nuper
550 2683 779 2780 pronunciavit,
813 2682 889 2778 quid
911 2683 1007 2752 scribi
1027 2685 1174 2779 potuerit,
1203 2685 1330 2778 saepius
1354 2707 1421 2752 non
1442 2685 1527 2754 adeo
1548 2709 1620 2755 esse
1643 2683 1770 2757 difficile
1794 2684 1947 2770 invenire,

198 2799 406 2882 coniecturas,
433 2820 514 2892 quae
538 2794 642 2864 subdo
665 2793 773 2887 aliquo
796 2791 1003 2862 fundamento
1026 2795 1215 2864 constitutae
1238 2794 1304 2864 veri
1326 2795 1466 2889 speciem
1487 2793 1637 2881 habeant,
1667 2795 1811 2892 proferre
1834 2793 1886 2864 rix
1908 2795 1947 2864 li·

199 2933 280 2978 cere.
324 2906 399 3001 Ego
433 2930 529 3000 quum
555 2903 672 2974 multas
702 2901 898 2973 coniecturas
929 2905 1162 2998 proposuerim,
1194 2920 1277 2974 certe
1300 2929 1432 3000 operam
1454 2905 1537 2991 dedi,
1566 2921 1615 2992 ut,
1648 2930 1712 3001 quo
1743 2905 1951 2976 fundamento

200 3017 343 3112 singulae
364 3016 547 3100 niterentur,
569 3011 699 3082 etmihi
721 3029 753 3082 et
774 3012 943 3083 lectoribus
966 3012 1117 3108 liqueret:
1139 3029 1171 3084 et
1192 3039 1288 3112 spero
1309 3013 1458 3101 brunum,
1479 3031 1515 3084 ut
1529 3013 1584 3084 ille
1599 3017 1712 3085 eadem
1726 3014 1838 3088 Alcaei
1860 3012 1948 3109 frag-

199 3143 317 3213 menta,
351 3151 433 3222 quae
456 3127 526 3220 ipse
548 3123 728 3194 cautissime
758 3139 790 3192 et
818 3139 854 3192 ut
884 3123 1090 3217 provectioris
1120 3125 1234 3194 aetatis
1256 3125 1418 3195 hominem
1441 3126 1539 3212 decet,
1569 3128 1725 3212 tractarit,
1758 3151 1851 3196 ame
1875 3149 1948 3196 mco

200 3261 288 3307 more
316 3239 432 3307 tentari
459 3259 559 3330 aeque
586 3233 678 3304 serat.
724 3233 874 3304 Ceterum
904 3234 939 3304 in
966 3233 1023 3304 tali
1051 3259 1158 3330 opere,
1191 3234 1284 3330 quale
1312 3263 1395 3307 nunc
1418 3261 1479 3330 ego
1503 3236 1604 3306 doctis
1629 3235 1810 3306 bominibus
1833 3235 1950 3320 indico,

199 3371 267 3417 non
292 3347 409 3418 iniuria
437 3345 575 3416 alienum
606 3344 724 3413 dictum
745 3345 780 3414 in
801 3369 852 3414 me
875 3343 1000 3416 trahere
1022 3344 1142 3432 videor,
1178 3370 1276 3442 posse
1297 3346 1398 3417 multa
1420 3345 1552 3416 rimanti
1573 3347 1671 3418 etiam
1693 3344 1815 3440 aliquid
1836 3344 1947 3416 absur-

202 3458 279 3529 dum
300 3457 428 3553 impune
449 3456 484 3526 in
505 3471 644 3527 mentem
665 3455 783 3524 venire.
