4274 5290
1012 249 1101 343 103

180 459 255 529 Pal.
269 455 331 544 VI,
355 457 431 526 ³56.
476 453 544 525 Sed
565 453 728 548 proximus
742 477 861 524 uersus
885 456 1035 537 ostendit,
1057 455 1210 525 infantiae
1234 479 1381 526 caussam
1402 456 1436 526 in
1458 456 1519 528 bac
1545 481 1665 528 unare
1687 451 1825 554 positam
1847 489 1928 552 esse,

182 571 278 664 qnod,
309 567 396 638 cuius
418 564 490 634 basi
511 564 707 658 epigramma
729 564 923 660 insculptum
944 581 1022 652 erat,
1056 567 1183 660 signum
1206 583 1255 636 est
1276 567 1459 651 inanimum,
1495 567 1555 636 etsi
1577 593 1686 639 vocem
1709 572 1813 657 mittit,
1842 577 1929 644 curius

144 676 147 682 ’
181 680 293 780 imago
311 673 483 746 exhibetur.
549 672 662 778 ltaque
694 673 873 767 proximum
903 690 962 760 cst,
994 674 1122 744 Dianae
1145 676 1282 770 effigiem
1301 676 1455 769 cogitare,
1489 677 1754 769 quemadmodum
1776 681 1931 756 Mercurii

181 787 385 880 Venerisque
411 781 565 887 imagines
593 781 673 877 ipsis
706 783 767 852 diis
794 799 996 854 consecratae
1023 783 1189 879 loquentes
1217 785 1405 854 inducuntur
1426 783 1669 869 1111143309.
1724 788 1931 886 Quamquam

180 922 247 967 non
268 894 527 992 repugnabimus,
550 892 578 962 si
601 892 670 987 quis
694 889 866 988 Nymphae
889 891 1020 962 alicuius
1043 919 1081 962 er
1100 893 1228 962 Dianae
1251 894 1418 964 comitibus
1442 894 1644 965 simulacrum
1665 896 1839 992 intelligere
1861 929 1929 974 ma-

181 1007 228 1092 lit,
267 1022 303 1076 ut
333 1006 465 1098 Satyrus
494 1001 657 1071 dedicatur
685 1001 815 1072 Baccho
840 1001 904 1087 Vl,
920 1002 973 1070 56.
1019 1003 1108 1073 Sicut
1141 1018 1247 1072 autem
1276 1004 1309 1071 in
1337 1001 1410 1072 aliis
1437 1004 1638 1076 monimentis
1662 1007 1704 1076 ad
1726 1029 1930 1106 conspectum

181 1116 322 1186 omniurn
343 1112 517 1210 propositis
540 1111 675 1182 vocativi
696 1107 785 1209 ὦνερ
807 1128 841 1180 et
860 1109 1032 1208 &arpena
1053 1113 1301 1206 frequentantur,
1336 1113 1397 1182 ita
1410 1113 1443 1181 in
1465 1112 1525 1183 hoc
1548 1113 1713 1208 sigillatim
1734 1120 1928 1213 compellan-

180 1242 231 1296 tur
259 1222 398 1318 puellae,
432 1221 548 1316 quippe
576 1222 619 1291 ad
648 1245 728 1316 quas
760 1221 826 1292 eius
855 1222 933 1291 deae
965 1221 1106 1290 uultus
1096 1221 1252 1318 imprimis
1278 1222 1445 1318 pertineat.
1500 1223 1648 1321 Tonpius
1681 1225 1768 1296 dedit
1795 1231 1929 1314 παιδός.

180 1334 306 1404 Deinde
329 1347 456 1428 praeter
476 1330 703 1400 Blomfieldum
724 1331 820 1401 ceteri
841 1332 955 1402 ἐοῖοα.
977 1331 1011 1400 in
1033 1333 1188 1427 scriptum
1210 1331 1326 1401 codicis
1350 1331 1535 1402 observatus
1559 1333 1684 1404 videon
1705 1351 1797 1405 tenor
1819 1341 1928 1410 Aeoli·

180 1469 247 1516 cars.
296 1441 366 1511 Pro
395 1471 452 1514 m
488 1441 706 1538 scripserimus
732 1469 805 1536 περ.
851 1440 1007 1510 Coder’
989 1440 1104 1538 ερῆτα.
1157 1440 1215 1512 Ob
1243 1440 1473 1512 subiunctirum
1501 1439 1680 1524 Bumclrius
1708 1463 1740 1514 et
1766 1446 1930 1544 Volgerus

180 1555 263 1624 male
292 1553 335 1651 ἢν
361 1578 424 1632 τις.
467 1549 531 1620 Vs.
548 1565 579 1619 3.
600 1551 672 1620 cod.
693 1546 857 1622 uidendae
886 1579 930 1638 με
957 1549 1069 1647 κόραι.
1114 1545 1271 1645 Αἶ6οιιιή
1292 1554 1501 1648 Bpavpmrlc
1523 1567 1572 1620 est
1593 1553 1627 1622 in
1649 1555 1750 1649 epigr.
1764 1557 1930 1654 Antipatri

180 1663 278 1735 Anth.
293 1660 368 1731 Pal.
384 1659 464 1748 VII,
479 1667 556 1745 705,
578 1661 637 1730 sed
658 1659 704 1730 ibi
725 1660 824 1730 codex
847 1655 1005 1755 uidcduq.
1048 1656 1135 1726 Vide
1160 1660 1199 1728 de
1222 1684 1261 1728 eo
1284 1663 1412 1729 nomine
1434 1661 1621 1756 interpretes
1638 1662 1792 1758 Hesychii
1813 1695 1843 1736 v.
1859 1667 1929 1741 Al.

180 1778 361 1846 6ιοιιαῒ6α.
405 1768 568 1840 Accedunt
594 1767 740 1838 Zonaras
772 1796 805 1863 p.
820 1783 875 1851 79.
888 1768 941 1836 86.
964 1784 996 1836 et
1017 1766 1097 1835 Lex.
1113 1767 1245 1860 Seguer.
1261 1795 1293 1862 p.
1306 1777 1381 1838 355.
1426 1769 1551 1838 Ibidem
1578 1772 1649 1840 cod.
1672 1770 1812 1870 ἀρίστα,
1845 1779 1931 1847 unde
2002 1769 2005 1774 ¹

180 1881 359 1954 Bnmclrius
381 1877 458 1950 fecit
478 1876 636 1976 Ἀριοτιὸ,
664 1877 775 1948 ceteris
798 1876 1058 1947 assentientibus:
1087 1901 1147 1944 nos
1171 1901 1347 1971 cognomen
1368 1878 1574 1967 restituimus,
1603 1904 1666 1973 quo
1690 1883 1825 1978 Sappho
1847 1887 1930 1957 Dia·

180 2019 256 2064 nam
278 2013 409 2060 ornasse
432 1987 545 2058 dicitur
565 1988 681 2081 fragm.
698 1985 870 2057 CXXVII.
914 1984 1028 2056 Versu
1049 2001 1081 2063 ιι.
1112 1985 1259 2080 Tonpius
1283 1986 1408 2055 scribit:
1447 1987 1699 2082 Ἑρμοκλοίδαο
1721 1992 1770 2061 eei
1791 1992 1841 2088 ῥά
1863 2022 1931 2068 νον

110 2161 112 2164 .
180 2101 234 2178 εἰν
256 2099 349 2189 dada,
372 2099 467 2170 ceteri
489 2123 560 2166 com
582 2095 743 2166 Dorvillio
764 2095 1013 2190 Ἑρμοκλείδαο
1035 2095 1083 2168 rei
1110 2092 1332 2184 Σοοναϊοὶδα,
1354 2094 1519 2165 Iacobsius
1541 2112 1648 2166 tamen
1669 2099 1785 2169 retinet
1798 2097 1930 2198 ‘Eppu-

179 2219 328 2293 κλείταο,
347 2206 558 2277 Blomfieldus
579 2205 719 2300 praefert
746 2201 955 2276 Σοϊιονιᾶδο.
999 2199 1107 2274 Nobis
1137 2204 1266 2302 quidem
1291 2229 1394 2298 neque
1425 2206 1582 2299 correptio
1610 2207 1735 2277 mediae
1763 2229 1927 2306 pentame-

180 2326 223 2395 tri
246 2321 387 2417 syllabae
409 2342 482 2386 rcre
504 2315 648 2384 excusari
669 2315 796 2385 videtur
817 2315 1021 2410 propriorum
1044 2315 1208 2384 nominum
1229 2313 1438 2407 longitudine,
1461 2339 1542 2408 quae
1565 2317 1722 2386 sententia
1745 2336 1793 2398 est
1815 2320 1927 2392 Iacob-

182 2434 232 2520 sii,
256 2447 287 2501 et
306 2425 533 2499 Friedemarmi
554 2450 585 2520 p.
602 2433 677 2510 287,
707 2449 804 2518 quum
831 2424 942 2494 evitari
973 2424 1191 2494 terminatione
1219 2437 1244 2496 ᾱ
1265 2421 1409 2518 praelata
1431 2424 1577 2520 potuerit,
1609 2451 1712 2520 neque
1735 2428 1797 2497 tale
1820 2445 1929 2524 patro·

180 2541 338 2638 nymicom
360 2536 519 2631 cognitum
540 2533 704 2618 habemus,
735 2549 768 2602 et
789 2535 909 2602 amisso
931 2534 1059 2602 nornine
1081 2529 1227 2629 ’Apcoeoi
1248 2533 1312 2602 alio
1335 2557 1462 2624 egemus
1485 2533 1651 2620 vocabulo,
1684 2539 1708 2602 'a
1731 2561 1794 2630 quo
1816 2538 1849 2606 hi
1872 2567 1927 2634 ge-

180 2653 270 2723 nitivi
292 2662 452 2742 regantur.
498 2644 536 2716 Si
564 2667 639 2713 vero
667 2643 701 2712 in
730 2643 834 2736 primo
860 2643 989 2712 nomine
1019 2641 1227 2737 probabiliter
1258 2645 1426 2735 opinamur
1447 2641 1547 2712 latere
1569 2647 1670 2739 ἔρνος
1692 2645 1863 2743 Kep‘eoc,
1894 2649 1929 2720 in
1985 2669 1987 2674 '

181 2778 271 2858 parte
294 2757 393 2827 altera
415 2781 454 2824 ex
475 2755 702 2850 epigrammate
725 2777 773 2838 eo,
798 2753 837 2822 de
861 2777 924 2846 quo
947 2752 981 2820 in
1004 2753 1069 2820 vita
1091 2751 1231 2845 poetriae
1256 2751 1402 2838 diximus,
1424 2750 1502 2822 hacc
1524 2769 1673 2848 poterunt
1686 2755 1845 2849 suppleri.
1868 2763 1929 2831 nal
2050 2841 2053 2849 ⁴

180 2867 311 2968 πατρός
337 2862 555 2962 Εὐρυγύροο.
598 2862 668 2931 Iam
697 2887 824 2930 carmen
852 2859 1061 2955 compositum
1089 2859 1257 2929 habebitur
1287 2860 1414 2929 nominc
1444 2861 1640 2956 sapphonis,
1673 2866 1719 2944 oie
1754 2869 1929 2972 Σαπφοῦς.

180 2983 244 3053 Vs.
260 2980 292 3046 6.
316 3001 409 3072 quem
432 2975 551 3044 Suidas
575 2997 699 3066 quoquc
722 2970 818 3040 babet
844 2999 875 3039 r.
898 2967 1083 3051 εὐκλειοον,
1107 2969 1177 3037 cod.
1193 2968 1267 3038 Pal.
1284 2968 1466 3043 εὔκλειοον.
1526 2972 1576 3040 Ita
1603 2990 1775 3043 correctum
1802 3002 1930 3050 carmen

180 3093 241 3162 hac
261 3083 519 3180 interpretatione
542 3083 705 3152 reddetur.
697 3080 881 3164 ·,Puellae
904 3092 1003 3148 muta
1022 3079 1089 3148 etsi
1104 3105 1191 3162 sum,
1214 3079 1340 3172 loquor,
1375 3081 1504 3173 siquis
1525 3082 1713 3174 interroget,
1737 3109 1818 3154 voce
1837 3087 1929 3156 iude-

168 3203 280 3297 sessa
296 3198 345 3266 ad
358 3195 466 3286 pedes
488 3193 666 3282 deposita.-
683 3191 876 3281 Aethopiae
890 3214 945 3257 me
961 3189 1076 3282 virgine
1072 3189 1159 3256 'tLa
1146 3190 1263 3258 reniae
1279 3191 1496 3258 consecrarit
1517 3191 1680 3280 Optimae
1703 3192 1828 3262 Clet‘dr's
1845 3218 1929 3285 pra·

182 3315 231 3382 les
253 3320 287 3378 et
302 3307 415 3398 patris
435 3303 610 3398 Eurygyrr',
635 3311 698 3369 tua
701 3301 859 3394 famula,
882 3299 1022 3368 domina
1031 3299 1260 3389 semitarum:
1285 3299 1344 3366 cui
1368 3309 1403 3366 tu
1428 3300 1589 3368 salutata
1604 3302 1755 3391 propitia
1776 3314 1930 3372 nostram

179 3424 313 3492 illustra
332 3417 478 3520 stripem.

950 3625 1169 3696 CXXXVIII.

505 3739 507 3744 ⁸
556 3738 709 3828 Τιμάδος
730 3738 790 3811 o'ide
811 3734 914 3817 κόνις,
935 3733 1001 3806 τάν
1021 3735 1063 3832 δὴ
1084 3733 1153 3832 apd
1175 3734 1299 3826 γάμοιο
1321 3741 1496 3808 6ανοῒοαι

640 3833 758 3936 δεέαιο
787 3845 1004 3944 Φερσεφόνας
1025 3843 1171 3924 κυάνεος
1194 3842 1368 3933 6άλομος,

551 3956 593 4040 ἇς
614 3963 675 4030 καὶ
697 3957 939 4056 ἀποφθιμένοις
961 3956 1068 4026 ιιᾶοιιι
1090 3953 1238 4045 νεοθᾶγι
1259 3952 1387 4051 σιδάρῳ
1406 4005 1408 4010 ,

641 4068 755 4148 ἅλικες
777 4063 922 4164 ἱμεριοὶν
943 4063 1071 4163 reparcis
1092 4068 1216 4135 ἔθεντο
1239 4063 1360 4153 κόμαι.

182 4185 335 4259 Iimadis
356 4167 393 4251 bi
410 4182 546 4262 cineras,
576 4203 679 4272 quam
699 4179 771 4246 iam
786 4187 848 4245 ant
850 4201 869 4244 e
887 4177 1024 4265 nepaes
1047 4185 1219 4242 mortuam
1234 4173 1373 4263 excepit
1397 4184 1476 4240 ater
1493 4173 1721 4263 Proserpinae
1744 4178 1929 4266 thalamus,

176 4323 249 4393 qua
270 4293 436 4388 defuncta
452 4313 567 4359 omues
575 4287 676 4382 seran
692 4312 810 4356 recens
828 4297 932 4353 acuto
955 4285 1118 4378 aequales
1141 4284 1325 4352 amabilem
1341 4281 1463 4372 capitis
1479 4305 1631 4372 posuere
1646 4309 1789 4356 comam.
1813 4289 1851 4358 In
1863 4293 1930 4360 An-

178 4406 260 4477 thol.
279 4403 388 4473 Palat.
404 4401 483 4486 VII,
499 4409 575 4482 189.
597 4396 659 4490 hoc
681 4397 868 4466 adscribitur
891 4392 1026 4462 lemma:
1063 4390 1113 4472 εἰς
1142 4391 1318 4484 τιμᾶδοι
1298 4397 1426 4481 ομοίως
1447 4421 1513 4489 apo
1537 4390 1650 4484 γάμον
1672 4394 1930 4495 celem-,phacae

177 4517 312 4587 Habent
332 4510 557 4582 anclsiusl.
574 4535 601 4580 c.
617 4525 648 4578 et
671 4505 885 4577 Schneidcrus
912 4532 945 4599 p.
938 4517 1016 4586 .70.
1045 4502 1111 4572 Vs.
1131 4519 1160 4570 1.
1182 4503 1251 4572 cod.
1275 4501 1349 4572 Pal.
1371 4501 1595 4572 ctPlanudes
1590 4503 1798 4576 tharovisae.
1821 4505 1885 4577 Vs.
1898 4525 1984 4594 ³.,

177 4619 782 4718 οοι1.ΡοΙ.ἀοοφ6οιιεο6οιγεῖοι
805 4622 925 4711 δηρωι,
949 4625 1323 4710 ᾱειιριοηοιιιιοιοιο
1370 4611 1452 4682 Com
1473 4611 1621 4682 Planude
1645 4613 1838 4708 Stephanus,
1863 4617 1927 4688 Ur-

177 4737 280 4822 sinus,
302 4731 514 4806 Blomfieldus
537 4729 706 4822 νεοθηγέϊ
723 4725 774 4796 vel
796 4725 965 4847 reodeye't
980 4721 1111 4816 χαλκο.
1157 4722 1239 4792 Aliis
1263 4721 1359 4792 etiam
1380 4721 1458 4791 locis
1481 4739 1583 4792 metro
1606 4723 1843 4814 pessumdato
1834 4753 1867 4798 m
1888 4729 1927 4798 li·

1526 4844 1607 4912 [16]
