4242 5300
1036 255 1097 348 52

151 467 164 488 ⁸
195 493 288 592 quale
312 510 361 562 est
382 491 454 576 hoc,
479 487 594 586 ῥόδον
616 485 686 557 τιόν
709 486 749 556 tx
773 487 926 580 Πιερίας,
952 479 1069 576 fragm.
1080 479 1205 566 XIX,'
1194 495 1240 549 uta
1261 475 1330 552 duo*
1350 477 1548 612 praepositio
1567 479 1713 551 adiectiri
1732 468 1846 550 locum
1857 497 1956 550 tenet

196 630 248 702 ap.
240 604 396 674 .Pindar.
414 601 528 694 fragm.
546 614 599 681 73,
624 595 718 666 όπλοι
737 590 793 665 dn
809 591 967 689 Αργιος,
990 590 1155 686 Aristopb.
1171 591 1298 661 Ecclcs.
1315 603 1390 678 9⁵³,
1413 587 1478 662 τόν
1491 588 1548 661 αἰί
1562 589 1660 662 ’Ῑιονί
1641 619 1697 671 ιας
1711 588 1850 688 τρόπον,
1875 590 1954 685 qui·

196 717 254 786 bus
280 711 431 808 exemplis
455 735 493 777 ex
516 703 687 776 Matthiaei
710 729 805 796 gr.1
772 702 805 772 Γ
805 728 832 769 ι
849 715 877 783 §.
889 713 964 783 5711.
980 702 1135 769 accedant
1150 700 1249 768 Hom.
1264 699 1398 794 hymn.
1388 728 1422 769 ιιι
1437 701 1541 770 Μοιο.
1557 715 1629 784 191,
1657 701 1790 794 βοῦς
1766 731 1836 772 αιιο
1827 698 1956 772 Πιε·

196 830 281 922 ρίή,ς
306 807 968 904 ΤλιοοοιΛ,11,7.οἱπἈίγίλοοίσχόδα.
1016 809 1195 878 l'extrlrbus
1226 810 1427 880 conficiendis
1461 810 1591 879 omnino
1621 812 1715 880 Iones
1739 810 1953 895 excellebant,

198 958 329 1029 quorum
359 958 397 999 ex
421 927 550 996 urbibus
571 922 707 1048 Sappho
728 921 914 1022 Phocaeam
933 919 1092 1003 nominat,
1123 937 1156 988 ut
1176 918 1286 989 Lesbo
1311 919 1505 1014 proximam,
1538 945 1575 989 ac
1598 921 1710 990 forsan
1738 921 1794 989 illo
1818 919 1954 989 saeculo

180 1039 447 1131 ,Phocaeensium
468 1060 567 1130 opera
590 1059 660 1129 pan
652 1033 773 1102 lande
784 1009 1047 1114 celebrabantur,
1068 1053 1139 1123 qua
1153 1045 1266 1125 postea
1283 1029 1393 1098 Miles
1369 1054 1496 1097 ιο.ιιιιιι
1544 1028 1644 1119 Quod
1659 1030 1744 1098 enim
1757 1033 1798 1099 de
1814 1030 1953 1100 artificio

196 1177 306 1222 eorum
326 1149 410 1244 apud
431 1164 552 1216 ceteros
573 1143 742 1238 scriptores
761 1139 841 1210 nihil
861 1139 927 1208 fere
946 1137 1109 1208 relatum
1100 1139 1292 1224 invenimus,
1319 1155 1541 1233 praeterquam
1567 1139 1654 1233 quod
1673 1139 1836 1208 flabellum
1855 1139 1952 1208 Pho·

197 1263 317 1332 caicum
340 1257 449 1326 laudat
464 1252 639 1325 Clearchus
661 1251 747 1348 apud
767 1249 966 1320 Athenaeum
981 1248 1043 1318 VI.
1058 1275 1090 1344 p.
1102 1261 1177 1332 257.
1190 1249 1238 1335 h.,
1260 1273 1326 1318 non
1349 1249 1499 1342 impedit,
1513 1247 1686 1344 quin-ante
1702 1249 1780 1343 Cyri
1802 1265 1953 1344 tempora

197 1370 323 1441 illorum
346 1393 466 1436 merces
491 1362 730 1434 laudatissimae
755 1358 883 1428 fuerint.

329 1478 397 1549 Sed
430 1474 640 1545 Casanbonus
669 1493 729 1565 pro
754 1466 934 1560 καγγόνοιν
963 1466 1092 1564 scripsit
1113 1463 1319 1558 πλαγγόνιον
1336 1491 1532 1558 μυρσιιιιπς
1561 1465 1699 1562 virgines
1723 1467 1808 1538 onim
1830 1467 1950 1563 puber·

197 1607 295 1660 tatem
318 1587 479 1680 ingressas
505 1606 607 1677 pupas
632 1603 707 1647 suas
732 1578 824 1646 simul
847 1605 917 1647 cum
941 1578 1136 1645 ornamentis
1161 1579 1272 1671 capitis
1289 1579 1368 1646 deae
1384 1602 1608 1646 consecrasse.
1632 1603 1734 1704 posse
1758 1577 1855 1648 etiam
1873 1603 1951 1669 χει·

197 1696 382 1797 ρόμακτρα
400 1690 604 1784 πλαγγόνιον
625 1715 682 1784 por
704 1687 905 1784 periphrasin
929 1687 990 1756 dici
1013 1685 1261 1810 κενρυρόλους,
1290 1687 1431 1771 reticula,
1463 1688 1576 1782 quibus
1610 1687 1748 1781 virgines
1772 1711 1848 1758 usae
1872 1688 1949 1756 sint.

199 1807 323 1876 Totum
345 1800 602 1897 fragmentum
577 1825 622 1868 src
645 1814 735 1892 putat
757 1821 821 1864 non
841 1796 978 1865 absurde
1012 1797 1128 1889 corrigi
1154 1820 1267 1892 posse.
1284 1794 1553 1926 Χειρόμακτρα
1575 1797 1613 1868 δί
1633 1797 1840 1890 πλαγγόνιον
1863 1825 1950 1894 παρ·

196 1915 307 2018 popei,
330 1911 521 1984 καὶταῦτα
542 1909 641 2000 μάλα
659 1903 876 1998 τιμόεντόγ
897 1909 1034 2034 ἔπεμψα
1054 1906 1218 2002 Σαπφοῦς
1236 1906 1317 1986 τεός
1340 1903 1437 2001 deriput
1456 1913 1559 1996 τίμια,
1588 1907 1789 1976 Iacobsiusl.
1800 1935 1830 1978 c.
1862 1913 1949 1980 Χει-

198 2023 379 2123 ρόμακτρα
399 2017 605 2112 πλαγγόνιον
627 2013 902 2114 πορφυρόβαπτα
921 2012 969 2112 μή
987 2014 1155 2145 ρ’τιμόσῃς
1176 2045 1201 2085 α
1186 2015 1344 2109 πίμψα
1366 2023 1579 2112 παρδενείας
1600 2018 1698 2144 δῶρα
1720 2023 1825 2146 τίμιρ,
1868 2017 1908 2086 F
1898 2041 1947 2086 ro

198 2133 271 2204 rillo
287 2131 477 2201 Animadvv.
493 2129 536 2198 ad
550 2127 667 2196 Athen.
658 2153 715 2220 ..p
707 2140 781 2195 ..30
828 2124 882 2197 Τα
906 2123 1143 2220 χειρόμακτρα
1165 2120 1248 2195 τόδε
1268 2127 1433 2224 καρήνιόν
1454 2127 1625 2260 πορφυροῖ,
1654 2132 1714 2198 καὶ
1734 2129 1848 2200 ταῦτα
1868 2127 1949 2229 μήδ’

197 2241 375 2336 ότιμόσῃς,
406 2246 546 2332 ἔπεμψα
578 2232 708 2334 Σαπφιό
739 2244 841 2306 κείνα
872 2237 969 2331 δοῦρα
998 2239 1107 2322 τίμιαι
1141 2257 1201 2374 pro
1232 2233 1311 2332 μηδ
1344 2260 1441 2330 posse
1464 2235 1558 2333 μήμ
1558 2235 1691 2321 ’scribi
1721 2255 1884 2333 postrema
1903 2240 1949 2310 sic

200 2377 323 2449 qnoque
348 2350 580 2420 emendari:''
553 2373 702 2439 επεμιμα,
728 2347 865 2444 Παρία,
888 2353 980 2416 κιῖσι
1003 2344 1102 2440 δῶρα
1123 2350 1228 2432 τιμια,
1252 2344 1303 2412 rel
1326 2351 1466 2438 ἔπεμψα
1487 2355 1705 2445 τετνφακυία
1725 2349 1879 2445 doipa'
1840 2380 1947 2440 τιμια,

198 2463 256 2535 Ex
272 2461 336 2531 illis
359 2483 418 2528 sna
441 2459 601 2528 contexuit
614 2455 792 2549 Volgorus.
832 2453 979 2523 Aliorum
1009 2453 1230 2539 correctiones,
1262 2451 1392 2548 siquae
1412 2471 1543 2542 exstent,
1571 2457 1729 2527 noluimus
1754 2461 1947 2556 conquirere.

1009 2671 1137 2740 XXVI.

332 2788 513 2860 Athenaeus
529 2783 613 2854 XV.
599 2811 656 2916 .p.
648 2785 742 2866 Aru.
758 2810 785 2852 c.
829 2777 1003 2855 Εκόλουν
1032 2781 1073 2853 δί
1103 2787 1173 2865 καλ,
1202 2812 1253 2863 σις
1276 2787 1487 2879 περιεδέοντο
1513 2780 1576 2856 τόν
1602 2783 1792 2884 τρόχήλσν,
1821 2789 1949 2886 στιφᾶ·

107 2991 115 3002 ,
201 2927 285 2982 νσυς
309 2883 569 2988 ὑπαθυμιόδας,
594 2893 640 2974 σός
661 2892 792 2967 ’ῖΛλκα
777 2921 827 2974 ιος
854 2895 894 2966 ἐν
919 2891 1066 2973 τούτοις·
1103 2889 1244 2963 ἨΑλλ
1223 2892 1337 2991 ανήτιο
1358 2895 1427 2984 μίν
1450 2900 1528 2990 περὶ
1549 2905 1629 2976 ταις
1649 2901 1766 3028 δἐρρις
1789 2904 1948 2996 περθέτω

201 3015 351 3089 πλίκτας
373 3003 615 3096 ὑποδυμιαδας
633 3031 692 3084 τις,
723 3007 782 3074 καί
810 3001 959 3132 Σαπφώ·
989 3007 1061 3074 Καὶ
1080 3010 1229 3082 πολλοῖς
1253 3001 1493 3093 ὑποθυμιόδες
1511 3005 1719 3086 πλίκταις
1695 3035 1797 3080 meo
1820 3020 1948 3082 παλαι-

200 3125 307 3218 δίραι.
335 3121 394 3189 καλ
415 3115 634 3210 Ἀνακρίισν
678 3109 838 3191 Πλεκτσὶς
861 3110 890 3184 ό
912 3110 1158 3201 ὑποδυμιόδας
1181 3115 1258 3207 περί
1277 3111 1414 3210 στήθεσι
1436 3121 1584 3194 λωτίνας
1602 3119 1736 3187 ἔδοντο.

335 3227 373 3294 ln
404 3222 588 3320 sapphonis
619 3222 723 3291 verbis
752 3221 956 3290 membranae
988 3218 1280 3313 Schweighaeusen'
1307 3221 1569 3310 ιλιισδυμιόδαις,
1614 3221 1763 3294 Nominis
1794 3227 1948 3321 originem

200 3340 246 3411 ita
268 3334 406 3432 explicat
419 3333 600 3401 Athenaeus
625 3360 658 3428 p.
673 3332 749 3399 688,
765 3357 793 3399 c.
837 3326 928 3409 Τοιλς
949 3328 1139 3428 περόναις
1160 3329 1240 3410 roric
1264 3336 1519 3426 περικειμένους
1541 3332 1590 3424 τῷ
1613 3331 1733 3431 στήθει
1754 3336 1948 3426 eiusdemi.

202 3459 263 3530 δας
285 3453 322 3518 οἱ
342 3445 479 3541 ποιηταί
502 3439 717 3534 κεκλήκασιν,
745 3438 814 3510 ἀπό
841 3441 901 3536 τῆς
923 3440 993 3511 coir
1021 3437 1147 3510 ἀνθῶν
1167 3439 1444 3528 οἱνοιθυμιιίσεισς,
1467 3440 1531 3513 οὐκ
1561 3441 1629 3513 ἀπό
1658 3443 1722 3515 τοῦ
1744 3442 1808 3543 τήν
1828 3445 1949 3547 ψυχήν

201 3555 325 3649 θυμόν
343 3557 539 3636 καλεῒσίλαι,
556 3549 602 3628 ὥς
622 3577 710 3629 τινες
733 3547 896 3634 ἀξιοῦσιν,
927 3549 1132 3642 Quamquam
1158 3565 1262 3617 autem
1286 3552 1457 3620 secundum
1480 3553 1615 3620 eundem
1635 3581 1668 3647 p.
1680 3554 1756 3635 678,
1772 3555 1803 3622 d.
1818 3559 1949 3630 ὑποθο-

202 3671 260 3757 μίς
281 3671 341 3737 καλ
360 3661 592 3749 ὑπσδυμιόδες
612 3662 774 3756 στέφανοι
792 3656 868 3754 παρ’
890 3656 1055 3730 Αἰολεῦσι
1076 3664 1133 3730 καί
1149 3661 1264 3730 Ἰιοοιν
1287 3660 1545 3756 appellabantur,
1570 3685 1631 3754 qna
1655 3665 1694 3732 de
1715 3687 1838 3750 caussa,
1863 3668 1949 3760 qnod

204 3777 244 3846 de
259 3773 387 3842 Phileta
410 3770 463 3840 ille
488 3770 592 3854 tradit,
615 3768 668 3840 ὅτι
688 3771 906 3858 ὑποθυμίδας
919 3771 1094 3860 Λεσβίους
1117 3773 1199 3866 φήσὶ
1219 3779 1342 3841 καλεῖν
1361 3777 1530 3868 μυρσίνής
1553 3772 1682 3858 κλιόνα,
1706 3777 1780 3869 περὶ
1804 3776 1847 3846 ὃν
1867 3780 1950 3849 πλί-

204 3913 277 3958 κιιν
301 3891 339 3954 l‘a
360 3885 420 3951 καλ
442 3877 535 3950 ἄλλα
557 3879 670 3972 ἇνδή,
702 3876 1020 3970 Schweighaeuseros
1048 3879 1093 3947 ibi
1118 3895 1207 3947 retus
1231 3878 1473 3967 ὑποδυμιόδας
1500 3905 1628 3948 suorum
1651 3882 1795 3952 codicum
1823 3883 1951 3957 lectioni

204 3990 403 4092 posthabuit:
434 4004 544 4056 nostro
569 4005 674 4056 tamen
698 3986 769 4056 loco
798 3988 830 4055 in
854 3986 967 4056 nullius
992 3987 1085 4055 trium
1108 4005 1274 4082 poetarum
1297 3989 1477 4081 fragmento
1502 3989 1608 4057 forma
1630 3992 1776 4062 vocabuli
1801 3997 1949 4066 metricae

205 4100 346 4173 omniurn
368 4097 484 4166 rationi
507 4098 702 4166 commodior
724 4123 763 4165 ει
785 4095 874 4165 libris
898 4097 1025 4191 prodita
1048 4113 1107 4165 est.
1145 4093 1232 4165 Nam
1256 4097 1375 4166 Alcaeo
1400 4098 1528 4192 quidem
1551 4099 1723 4186 lacobsins,
1745 4107 1878 4201 δι’ραισι
1899 4131 1948 4174 rc·

205 4233 341 4312 ponens,
365 4205 545 4302 Sapphicos
569 4205 852 4302 hendecasyllabos
876 4205 1023 4290 reddidit,
1046 4207 1256 4276 Anacreontis
1281 4197 1394 4276 versus
1417 4208 1620 4280 choriambici
1643 4211 1801 4280 ridentur:
1831 4231 1948 4299 utrum·

208 4347 269 4419 qne
306 4331 441 4387 metrum
481 4331 515 4383 ut
555 4313 680 4383 salvum
718 4317 774 4402 sit,
794 4407 801 4418 ι
823 4339 881 4411 per
910 4315 1066 4410 synizesin
1098 4315 1176 4385 illud
1209 4316 1396 4386 vocabulum
1437 4336 1487 4388 est
1522 4321 1813 4415 pronunciandum,
1854 4349 1949 4418 quarn

207 4435 309 4502 altera
332 4425 437 4496 forma
460 4423 602 4518 praelata
624 4441 773 4518 poterant
800 4427 934 4511 evitare,
967 4425 995 4494 si
1023 4426 1099 4519 quid
1121 4427 1313 4497 incommodi
1341 4446 1395 4498 aut
1417 4429 1529 4500 insueti
1550 4431 1630 4526 ipsis
1653 4432 1806 4524 synizesis
1833 4433 1950 4505 habere

209 4541 278 4627 risa
301 4553 395 4608 esset.
434 4535 671 4629 Supervacuum
695 4551 745 4603 est
767 4536 918 4631 exemplis
943 4559 1016 4606 eam
1040 4537 1225 4608 confirmare
1249 4555 1375 4634 praeter
1396 4540 1466 4624 illa,
1490 4565 1570 4634 quae
1596 4541 1635 4609 de
1659 4541 1792 4611 Graecis
1816 4567 1950 4637 conges-

209 4665 317 4718 serunt
339 4646 543 4716 Hermannus
568 4643 673 4713 Elem.
698 4645 796 4713 doctr.
819 4663 910 4714 metr.
940 4673 973 4742 p.
988 4659 1047 4732 5³,
1085 4647 1246 4718 Seidlerus
1277 4650 1317 4718 de
1346 4673 1446 4716 verss.
1469 4649 1595 4717 docbm.
1626 4677 1659 4745 p.
1678 4662 1755 4736 105,
1789 4647 1951 4748 Reisigins

211 4757 393 4842 Coniectl.
416 4783 449 4853 p.
465 4769 541 4841 1191,
562 4754 725 4826 lacobsios
747 4754 781 4824 in
802 4753 934 4824 Anthol.
953 4755 1028 4824 Pal.
1051 4783 1084 4852 p.
1100 4765 1175 4842 585,
1199 4757 1238 4826 δι
1259 4756 1385 4826 Latinis
1406 4755 1569 4825 Bentleius
1595 4760 1638 4827 ad
1659 4760 1774 4830 Horat.
1791 4763 1951 4852 Sermll,

2098 290 2118 858 ι
