4274 5290
1034 261 1095 375 77

954 383 1169 398 *-

185 524 256 590 γιον
277 494 427 608 ἤνθουν,
454 495 512 563 rat
533 491 734 590 σωφροσύνη
756 489 956 582 νενόμιστο·
986 489 1066 572 τούς
1087 521 1123 563 τε
1144 498 1359 572 τελευταίους
1380 490 1489 573 πόδας
1509 501 1601 590 τρεῖς
1622 497 1680 565 καὶ
1701 490 1766 593 τήν
1787 495 1938 593 κατάλη-

184 614 241 694 ξιν
262 600 439 696 ἐμβαλών,
471 597 638 695 συνάψειε
658 603 783 673 τοῦτον
804 601 867 673 τόν
887 600 1034 698 τρόπον·
1069 601 1123 673 Οὐ
1145 598 1213 698 γαρ
1235 605 1336 698 ε’τίρα
1357 599 1402 700 ἦν
1422 611 1517 688 παῖς,
1547 599 1752 700 ὦγαμβρέ,
1781 605 1938 692 rotaticos,
1991 672 1997 688 ,

184 721 243 789 καὶ
266 710 467 813 σωφροσύνη
489 711 679 799 νενόμιστο·
700 708 808 783 οὐδέν
829 718 949 783 διοίσει
970 710 1033 783 τοῦ
1050 712 1148 810 Mp're
1169 711 1295 810 μικρόν
1309 709 1445 810 ὁρῶντά
1459 744 1491 784 τι
1509 717 1567 784 καὶ
1584 714 1722 808 φαῦλον
1737 714 1937 812 ἁμάρτημα,

185 831 327 916 ἑτοίμως
348 821 457 901 οὕτως
479 823 534 893 e'nl
555 820 675 910 τούτῳ.
979 893 985 898 ,

319 934 358 1001 ln
381 930 566 1026 sapphonis
589 925 694 1000 verbis
717 929 820 999 Aldus
843 956 914 1000 orm
935 930 1029 1000 codd.
1051 929 1134 1024 Reg.
1154 948 1183 999 1.
1206 946 1238 1000 et
1260 931 1356 1001 Colb.
1378 948 1512 1026 utroque
1534 932 1605 1002 loco
1627 932 1693 1003 νῦν
1714 959 1772 1028 pro
1794 929 1849 1031 ἦν,
1874 959 1938 1029 quo

187 1033 342 1141 adoptato
369 1041 474 1110 hiatus
498 1040 672 1126 sanabitur,
696 1041 746 1110 cui
768 1039 978 1108 Blomlieldus
1001 1041 1248 1134 transponendis
1271 1043 1400 1111 vocibus
1423 1038 1468 1140 ἧν
1495 1059 1526 1111 ει
1548 1045 1648 1140 ἑτέρα
1673 1043 1794 1112 mederi
1815 1044 1937 1112 maluit.

188 1156 314 1227 Verum
336 1169 371 1221 ut
393 1175 502 1221 versus
525 1149 617 1219 huius
641 1151 797 1244 scriptum
828 1175 848 1219 a
874 1151 968 1220 nobis
999 1151 1152 1244 probata,
1184 1175 1307 1222 annexa
1334 1151 1434 1222 altera
1456 1169 1547 1246 parte
1576 1177 1685 1221 versus
1709 1152 1938 1247 Aristophauei

186 1264 276 1336 Nub.
295 1263 370 1347 956.
400 1284 601 1354 nequaquam
627 1283 721 1355 pares
753 1283 900 1328 numeros
932 1283 1009 1353 prae
1037 1284 1072 1329 se
1101 1257 1163 1329 fert
1190 1261 1241 1346 iis,
1280 1261 1334 1355 qui
1362 1263 1397 1330 in
1425 1261 1531 1331 verbis
1562 1288 1600 1330 ex
1629 1263 1784 1331 orationis
1813 1263 1936 1331 Demo·

189 1374 349 1444 sthenieae
372 1371 405 1440 in
427 1370 658 1438 Aristocratem
680 1371 810 1437 exordio
833 1371 988 1464 excerptis
1011 1368 1263 1464 conspiciuntur:
1295 1371 1340 1440 ita
1363 1371 1489 1440 etiamsi
1511 1398 1581 1440 cum
1603 1370 1797 1441 Blomfieldo
1820 1371 1937 1466 legeris

188 1483 231 1558 ου’
252 1481 319 1580 γᾰρ
341 1477 386 1580 ἦν
408 1481 509 1575 ἐπέρα
530 1477 626 1563 πάϊς,
642 1473 644 1478 ’
658 1504 696 1546 ex
719 1476 790 1547 loco
813 1479 949 1548 oratoris
972 1495 1137 1548 remanent
1158 1480 1241 1550 inter
1261 1485 1363 1548 metra
1385 1496 1551 1575 poetarum
1573 1479 1773 1550 abundantes
1796 1481 1938 1576 syllabae

186 1601 239 1680 Ῑιῑ
260 1613 291 1682 ε,
314 1617 380 1661 non
401 1589 477 1660 illac
500 1613 520 1657 a
542 1587 703 1680 Dionysio
725 1604 864 1657 notatae.
900 1588 969 1679 Qui
992 1589 1122 1657 omnino
1144 1615 1210 1658 non
1234 1590 1380 1682 subiungi
1403 1590 1489 1660 iubet
1503 1589 1739 1684 Aristophanea
1755 1590 1938 1685 sapphicis,

189 1705 247 1774 sed
263 1702 377 1771 mediis
395 1699 503 1783 inseri,
526 1694 790 1790 ἐμβάλλεοθαιτ
811 1723 914 1792 neque
933 1697 1072 1766 habebat
1093 1697 1224 1792 alioqui,
1247 1725 1303 1768 cur
1319 1698 1399 1783 illud
1414 1698 1642 1768 Demosthenis
1661 1701 1836 1769 membrum
1853 1725 1939 1770 com·

188 1815 328 1909 positum
345 1812 478 1894 diceret,
505 1832 599 1902 quum
623 1824 734 1902 posset
757 1832 902 1876 seorsum
924 1805 1112 1900 Sapphonis
1135 1831 1262 1876 versum
1285 1833 1356 1875 eum
1378 1807 1464 1876 illius
1487 1825 1577 1902 parte
1600 1810 1709 1902 priori,
1733 1827 1766 1878 et
1787 1825 1941 1880 annotata

188 1925 294 2019 prima
316 1918 463 1989 vocabuli
484 1923 626 2006 ἑτοίμως
648 1915 772 2012 syllaba
801 1932 964 2009 tamquam
992 1915 1191 1999 abundante,
1223 1913 1460 2009 Aristophaneo
1488 1944 1559 1985 crum
1584 1916 1715 2012 reliquis
1739 1943 1938 2014 componere,

188 2031 381 2129 praesertim
416 2054 513 2122 qnmn
538 2027 611 2096 huic
637 2051 839 2095 numerorum
868 2025 1018 2130 divisioni
1046 2025 1220 2094 sententiae
1255 2025 1367 2095 incisio
1394 2043 1589 2120 congnreret.
1635 2027 1746 2120 ltaque
1783 2029 1946 2112 ordinem,¹

190 2159 254 2238 quo
283 2140 388 2209 iuncta
412 2136 572 2232 Sapphica
596 2152 627 2206 et
650 2134 887 2230 Aristophanea
908 2134 1128 2230 proferuntur,
1158 2134 1338 2204 restitutum
1360 2150 1507 2228 putamus
1534 2161 1554 2204 a
1578 2134 1734 2221 librariis,
1765 2137 1938 2204 sententia-

189 2278 261 2322 rum
283 2248 468 2319 confusione
491 2245 643 2332 eliensis,
672 2269 767 2340 quarn
790 2245 859 2339 ipse
882 2245 1079 2339 Dionysius,
1104 2246 1252 2315 metricae
1273 2245 1391 2314 rationi
1411 2244 1502 2314 unice
1524 2245 1678 2329 intentus,
1706 2269 1772 2312 non
1795 2243 1937 2337 defugie-

189 2361 254 2431 bat.
281 2357 493 2453 Respondent
509 2373 615 2426 autem
631 2354 719 2440 haec,
736 2360 861 2442 τοίμως
878 2355 986 2436 οὕτως
1000 2358 1054 2426 inl
1070 2353 1191 2444 τούτῳ,
1216 2354 1398 2450 Sapphicis,
1415 2349 1460 2451 ἧν
1473 2350 1597 2433 nolani
1615 2354 1756 2450 γαμβρέ
1776 2353 1941 2426 rumice.-

188 2473 261 2556 ista,
282 2467 327 2540 τα’
347 2499 381 2538 τι
403 2469 461 2538 καὶ
482 2466 621 2565 φαῦλον
642 2463 813 2561 ἁμάρτημ’
825 2470 851 2552 ἐ,
874 2463 1130 2559 Aristophaneis,
1157 2469 1216 2536 ναὶ
1237 2463 1441 2562 σωφροσύνη
1464 2463 1666 2552 νενόμισται
1704 2461 1934 2532 Demostheni·

190 2605 227 2651 ca
247 2579 332 2678 μήτε
353 2573 482 2673 μικρδν
502 2576 606 2672 ὁρῶν,
638 2591 674 2644 ut
695 2600 766 2644 cum
787 2575 879 2644 initio
903 2573 1137 2670 Sapphicorum
1159 2574 1381 2659 concilientur,
1401 2598 1468 2642 non
1489 2571 1694 2668 improbabili
1717 2573 1939 2668 supplemento

191 2691 376 2762 scribimus:

561 2794 616 2868 Oai
637 2791 708 2892 γάρ
731 2792 819 2875 [ἐστ’]
843 2795 946 2892 ἐτέρα
968 2793 1035 2866 νῦν
1056 2801 1153 2883 παῖς,
1177 2788 1204 2864 ui
1225 2793 1384 2891 γαμβρέ,
1414 2791 1571 2865 rotatico.

190 2912 270 2984 Non
293 2918 347 2978 est
366 2908 455 2978 enim
477 2907 586 2976 altem
607 2929 698 2974 nunc
715 2904 847 2996 puella,
870 2928 1008 2996 sponse,
1032 2905 1126 2973 talis.
1173 2903 1267 2974 Olim
1287 2903 1456 2976 τοιοῦτον
1476 2918 1678 2974 correxenmt
1700 2900 1888 2996 Sylhurgius
1911 2918 1944 2972 et

189 3021 351 3116 Uptouus.
1248 3042 1251 3048 ’

323 3345 508 3416 Athenaeus
531 3345 573 3412 ll.
588 3370 621 3440 p.
636 3351 690 3424 bt.
705 3341 729 3413 l.
746 3345 785 3414 de
800 3343 951 3414 cicen'bus
976 3367 1091 3439 agenss
1120 3327 1265 3442 Σαπφώ·

677 3451 844 3552 Χρθοειοι
866 3456 1050 3552 ἐρέβινθοι
1072 3452 1123 3526 ἐπ’
1145 3452 1277 3526 datvm
1297 3449 1459 3552 cipriano.

190 3569 308 3640 Aurata
330 3567 442 3636 cicera
463 3567 498 3633 in
521 3565 678 3632 litoribus
698 3564 952 3654 proveniebant.
1004 3561 1090 3632 Hinc
1112 3562 1300 3632 Eustathius
1322 3563 1356 3631 in
1376 3561 1470 3631 Iliad.
1485 3591 1517 3634 ν.
1533 3590 1565 3656 ρ.
1579 3571 1654 3644 925.
1674 3559 1755 3629 Bas.
1777 3558 1960 3657 Ἐρεβίν-“

190 3685 271 3752 θεον
291 3683 396 3770 μνεία
418 3679 477 3747 καὶ
498 3671 594 3772 napo?
616 3676 658 3772 τῇ
676 3677 827 3770 ·Σαιτφοῖ
854 3675 894 3744 ἐν
916 3674 964 3764 uqi
989 3663 1155 3770 Xpriuesoe
1176 3677 1359 3770 ἐρέβινθοι
1380 3671 1430 3743 ἐπ’
1451 3669 1583 3743 dativus
1606 3667 1764 3770 ἐφύοντο.
1790 3672 1885 3764 λέγει,
1900 3673 1946 3742 ’δέ

85 3859 91 3866 ,
191 3819 277 3889 φασι
305 3787 477 3885 χρυσέους
507 3789 621 3878 ἐκείνη
652 3787 864 3877 ἐρεβίνθους
893 3779 974 3862 τους
1004 3778 1097 3852 sarci
1119 3780 1227 3868 ηὖξον
1249 3778 1396 3878 τόχροὺς,
1428 3781 1489 3860 οὓς
1511 3788 1612 3875 δηλοῖ
1632 3784 1692 3851 καὶ
1714 3781 1735 3852 ὁ
1758 3775 1873 3867 εἰπεῖν,
1896 3781 1943 3859 οἷς

191 3905 370 3997 κρείττους
405 3903 442 3966 οἱ
477 3899 591 3966 λευκοὶ
612 3897 681 3966 τῶν
710 3891 875 3986 μελάνων
907 3896 968 3964 καὶ
994 3897 1032 3962 οἱ
1056 3899 1250 3978 πυξοειδεῖς.
1301 3891 1375 3959 Ηοε
1404 3889 1526 3959 dixerat
1556 3887 1701 3978 Diocles,
1733 3906 1813 3958 teste
1836 3888 1938 3957 Athe-

191 4031 274 4078 naeo
302 4035 336 4102 p.
359 4015 412 4074 55.
428 4004 459 4073 b.
489 4003 649 4074 Eustathii
692 4001 983 4099 interpretationem
1017 4001 1163 4071 vocabuli
1198 3997 1343 4098 χρύσεος
1379 3998 1580 4094 amplectitur
1610 3998 1941 4093 Schweighaeuserus.

192 4116 308 4187 Potest
330 4131 434 4186 autern
456 4115 574 4184 facturn
596 4139 677 4198 esse,
711 4129 746 4181 ut
767 4113 853 4208 apud
876 4111 1085 4208 Sapphonem
1106 4110 1168 4178 hoc
1190 4111 1341 4206 pabulum
1365 4111 1495 4178 deornm
1518 4108 1607 4203 equis
1630 4125 1715 4178 terra
1738 4109 1841 4178 subito
1864 4129 1939 4202 pro·

196 4229 345 4327 mitteret,
376 4224 462 4294 velut
476 4223 568 4293 lliad.
583 4253 610 4295 ε.
622 4237 698 4305 777.
728 4223 922 4291 ambrosiam
939 4223 1068 4294 Simois.
1113 4221 1163 4290 lta
1178 4247 1251 4289 vere
1266 4244 1362 4290 aurea
1383 4236 1474 4288 erunt
1493 4217 1572 4287 haec
1596 4219 1709 4303 cicera,
1734 4219 1814 4286 sicut
1836 4215 1941 4284 omnia

193 4325 280 4433 apud
303 4338 378 4404 deos
401 4333 535 4431 χρύσεα
557 4349 589 4401 et
611 4329 795 4430 οἷμβρόσια
816 4332 1048 4426 praedicantur.
1093 4331 1142 4400 Ut
1163 4331 1249 4426 apud
1271 4327 1480 4425 Sapphonem
1502 4353 1598 4398 aurea
1619 4329 1808 4424 proveniunt
1830 4326 1941 4408 cicera,

193 4449 240 4517 sic
263 4447 348 4541 apud
371 4445 584 4517 Claudianum
605 4442 639 4510 in
660 4443 754 4537 prim.
771 4440 871 4509 Cous.
889 4441 960 4509 Stil.
977 4441 1018 4525 ll,
1035 4443 1112 4522 σύγ.
1130 4465 1220 4535 seqq.
1256 4441 1359 4507 litun
1381 4437 1508 4508 croceis
1532 4449 1684 4507 mmntes
1707 4437 1839 4527 ignibus
1861 4433 1940 4502 hor·

194 4569 247 4627 tos
274 4556 468 4650 Ingruditun
511 4554 697 4644 vallemque
727 4574 838 4635 snam,
870 4575 973 4643 quam
984 4551 1173 4646 flammeus
1197 4549 1306 4616 ambit
1324 4550 1445 4633 Βίους,
1476 4560 1512 4618 ct
1530 4549 1668 4640 irriguis
1692 4546 1821 4636 largum
1843 4541 1947 4610 iubar

193 4667 317 4760 ingerit
337 4664 457 4747 herbis,
487 4665 586 4754 Quas
609 4663 701 4732 Solis
719 4671 916 4752 pascuntur
932 4661 1025 4754 equi:
1051 4676 1084 4730 et
1103 4657 1136 4728 in
1158 4659 1323 4730 hestorum
1345 4659 1467 4746 insulis,
1499 4675 1540 4740 ut,
1553 4657 1714 4726 Pindarus
1738 4653 1782 4721 ait
1805 4651 1939 4748 Olymp.

195 4791 226 4864 9,
241 4792 295 4862 79,
317 4774 460 4866 ἄνθεμα
482 4775 617 4872 χρυσοῦ
636 4775 762 4872 φλέγει.
