4274 5290
1034 288 1094 385 95

186 541 258 588 mus
282 515 378 612 igitur
400 513 619 586 doctissimum
642 513 933 585 Grammaticomm
955 514 1070 585 flexum
1092 515 1127 584 in
1148 515 1254 585 verbis
1283 515 1451 586 contractis
1481 517 1569 586 etin
1592 517 1711 587 aoristo
1735 519 1873 588 secundo
1896 520 1940 587 le·

185 629 332 723 gitimum
353 625 436 696 male
459 626 503 695 ad
527 627 754 720 barytonorum
777 642 901 723 tempus
928 649 1083 722 praeseus
1111 626 1312 695 traduxisse?
1358 623 1446 696 Nam
1478 627 1583 695 verbis
1619 631 1734 718 λέγειν
1764 646 1796 732 et
1823 632 1941 726 φέρειν

182 739 302 832 ubique
325 754 448 807 veteres
470 737 505 805 in
527 735 679 829 exemplis
704 736 925 806 declinationis
948 752 1084 822 utuntur,
1106 753 1142 804 nt
1164 737 1257 806 obiici
1283 753 1429 830 nequeat,
1452 739 1596 831 ipsonmt
1617 763 1710 808 usum
1732 737 1861 808 illorum
1883 747 1942 809 λε-

185 854 262 945 γοίφ
282 864 315 917 et
335 851 456 944 φεροίη
479 845 645 942 Apollonii
667 847 855 917 auctoritate
877 873 899 918 a
921 844 1117 916 dubitatione
1140 847 1303 918 vindicari.

319 1175 427 1248 Orion
449 1175 628 1247 Thebanus
650 1202 683 1274 p.
701 1191 732 1264 a,
750 1190 802 1246 tt.
836 1170 982 1274 Ἀβρός,
1012 1177 1033 1246 ὁ
1058 1172 1196 1273 κούφως
1224 1178 1374 1267 βαθιον,
1403 1173 1495 1248 κατα
1520 1178 1676 1274 στέρησιν
1699 1174 1765 1248 τοῦ
1789 1173 1943 1274 βάρους·

185 1284 293 1366 ebroe
314 1287 354 1357 ἕν
376 1283 598 1379 ὑπομνήματι
618 1283 874 1384 Ἀνακρέοντος
897 1283 1010 1382 εὖρον.
1025 1285 1194 1383 Ὄμηρος,
1218 1282 1314 1383 παρὺ
1334 1282 1376 1358 ed
1395 1287 1442 1382 τῇ
1454 1284 1554 1377 ’ἇμσν
1573 1293 1738 1385 αι’ρεσθαι
1754 1291 1815 1358 καὶ
1834 1285 1939 1384 ὀρὺτ-

184 1401 317 1468 τεσθαι.
347 1395 458 1475 οῦτοσς
480 1398 520 1467 ἕν
547 1393 766 1494 ὑπομνήματι
785 1397 957 1496 Σαπφοῦς.
1002 1395 1114 1466 Codex
1136 1394 1284 1493 κοῦφσςι
1307 1397 1516 1465 emendarunt
1536 1395 1728 1485 Larcherus‚
1752 1412 1784 1466 et
1805 1396 1939 1466 Bastius

185 1505 231 1574 ad
253 1505 389 1598 Gregor.
412 1532 445 1600 p.
462 1507 536 1589 576.
575 1506 734 1603 ’Όμηρος
758 1524 794 1576 ut
821 1506 1036 1601 importunum
1069 1505 1153 1576 delet
1173 1505 1366 1593 Larcherus,
1402 1507 1457 1600 qui
1480 1505 1604 1590 deinde,
1634 1508 1783 1599 qnoniam
1804 1505 1884 1574 haec
1906 1505 1940 1574 in

186 1613 296 1686 codice
325 1613 431 1708 legere
462 1615 529 1684 sibi
552 1616 640 1685 visus
672 1632 737 1685 est:
772 1612 869 1714 παραὶ
887 1611 928 1687 cd
947 1612 993 1712 τῇ
1015 1613 1105 1686 ἄνευ
1137 1623 1309 1712 αἴρεσθαι,
1341 1616 1453 1685 inserit
1474 1621 1558 1708 βίας
1579 1631 1654 1710 post
1675 1615 1820 1686 veodam
1841 1615 1940 1687 ἄνευ.

185 1723 318 1794 Bastius
341 1749 427 1810 vero,
467 1727 520 1819 qni
543 1725 632 1816 ὑμεν
654 1727 688 1796 in
710 1725 793 1794 libro
817 1750 888 1795 esse
911 1741 1055 1810 testatur,
1085 1726 1271 1795 recordatus
1294 1726 1400 1795 locum
1420 1725 1528 1819 Etym.
1544 1724 1596 1794 M.
1612 1741 1708 1819 ρ.77,
1727 1742 1778 1809 19.
1807 1722 1941 1821 α’μσῖρα·

184 1831 283 1932 παρα
305 1831 346 1906 cd
369 1837 413 1935 τῇ
430 1834 503 1931 ἇμφ
524 1843 697 1933 αἴρεσθαι,
719 1837 793 1930 ἄμφ
815 1840 858 1909 δι’
866 1839 959 1907 ἔστιν
985 1839 1165 1930 ἐργαλεῖον
1185 1829 1423 1926 οἰκοδομικόν·
1450 1835 1539 1903 ἰιΙοιιι
1560 1832 1634 1930 οἴμῃ
1666 1836 1784 1907 Orioni
1804 1836 1941 1924 redden·

187 1944 264 2012 dum
285 1943 375 2030 vidit,
398 1969 457 2040 pro
473 1946 636 2042 Ὄμηρος
666 1963 781 2032 autem,
806 1969 902 2040 quam
925 1970 1035 2014 vocem
1057 1943 1156 2013 codex
1178 1942 1296 2013 babeat
1318 1968 1441 2014 versus·
1460 1943 1552 2012 initio
1584 1947 1746 2039 scriptam,
1782 1971 1940 2041 reponen-

187 2055 263 2124 dum
285 2050 420 2152 ᾰμᾶρα,
442 2056 530 2151 qood
558 2056 684 2150 initium
705 2056 748 2125 sit
768 2056 843 2136 novi
865 2054 1000 2125 articuli.
1054 2055 1124 2124 lam
1138 2054 1214 2124 licet
1229 2051 1372 2125 conferre
1386 2053 1495 2148 Etym.
1513 2053 1599 2124 Gud.
1615 2081 1648 2148 p.
1660 2069 1715 2141 42,
1731 2065 1763 2123 5.
1785 2051 1940 2153 ἀμάρας·
2042 2143 2049 2149 .

184 2161 281 2261 παρὺ
301 2159 343 2236 τῦ
355 2163 432 2252 ἅμα
448 2172 616 2262 αἴρεσθαι
637 2168 698 2237 καὶ
715 2162 935 2264 ὀρύττεσθαι,
959 2165 1037 2255 ἅμα
1054 2168 1097 2238 δέ
1114 2167 1208 2237 ἐστιν
1235 2167 1419 2263 ἐργαλεῖον
1440 2160 1672 2253 οἰκοδομικόν·
1698 2181 1728 2234 et
1745 2165 1940 2234 Grammati-

189 2273 538 2345 cumDatmstadinum
551 2275 586 2343 in
601 2275 738 2372 append.
754 2277 863 2370 Etym.
880 2276 966 2346 Gud.
978 2301 1015 2371 ρ.
1035 2275 1110 2362 622,
1136 2288 1168 2344 9.
1190 2272 1356 2373 εὑμάρας·
1371 2271 1468 2372 παρὺ
1485 2271 1526 2346 ro*
1543 2274 1586 2372 τῇ
1605 2273 1679 2374 σῖμφ
1694 2279 1861 2372 αἴρεσθαι
1879 2276 1941 2344 καὶ
2079 2305 2081 2313 ·

185 2380 404 2482 ὀρύττεσθαι,
424 2383 498 2477 ἇμη
523 2385 563 2460 dd
584 2384 767 2484 ἐργαλεῖον
789 2417 833 2460 τι.
869 2386 980 2481 ltaque
1001 2385 1087 2482 apud
1109 2383 1318 2482 Sapphonem
1338 2381 1464 2483 α’μάρα
1477 2409 1595 2456 nomen
1610 2385 1831 2456 illustrandum
1845 2383 1941 2454 veuit.

211 2765 213 2768 -
317 2709 437 2782 Pollux
451 2709 513 2800 Vl,
532 2725 583 2800 19,
602 2727 674 2798 1⁰7·
709 2712 915 2812 Ἀνακρίσσν
945 2603 1141 2812 καίρᾰξῐὴῖφ
1166 2712 1427 2812 στεφανοῦσθαί
1444 2741 1557 2812 φησιν,
1580 2711 1625 2794 οῖς
1648 2717 1709 2786 καλ
1731 2709 1863 2814 Σαπφιὺ
1883 2683 1945 2785 καῖ

185 2818 368 2901 Ἀλκαῖος·
390 2817 487 2895 οὑτοι
514 2825 553 2896 dd
573 2825 647 2923 ἄρα
670 2827 730 2897 καὶ
749 2831 907 2905 σελίνοις.
943 2823 990 2894 Et
1013 2823 1194 2896 Scholiasta
1218 2822 1382 2892 Theocriti
1396 2838 1428 2910 7,
1443 2825 1497 2892 63.
1519 2821 1707 2916 ὑνηθίνοις
1725 2825 1765 2898 dd
1783 2823 1939 2923 ε’χρῦντσ

185 2929 379 3029 στεφάνοις,
400 2932 446 3014 σῦς
464 2930 630 3017 Ἀλκαῖος
650 2939 711 3007 καλ
742 2934 884 3036 Σαπφιί.
919 2933 1006 3005 Vide
1028 2933 1144 3029 fragm.
1159 2931 1286 3003 XLIV.

297 3332 302 3342 ,
317 3257 534 3332 Philostratus
551 3263 667 3335 Senior
688 3264 810 3360 lmagg.
827 3265 870 3352 II,
888 3281 918 3334 1.
953 3265 1133 3339 Τοσοῦτον
1156 3263 1374 3356 ἅμιλλῦνται
1391 3269 1433 3337 αί
1453 3265 1635 3360 παρθένοι,
1657 3258 1864 3362 (indomitus
1881 3263 1943 3332 καὶ

185 3365 377 3451 ε’λικὺπιδες
393 3375 454 3444 καί
468 3373 709 3475 καλλιπᾶρφοι,
730 3380 790 3448 καὶ
803 3381 1003 3474 μελίφσινσε,
1032 3376 1198 3475 Σαπφοῦς
1217 3375 1321 3448 τοῦτο
1344 3371 1389 3468 do*
1409 3372 1450 3448 td
1470 3370 1537 3474 ἠδὺ
1559 3369 1799 3472 πρόσφθεγμα.
1843 3367 1940 3440 Unde

186 3479 400 3550 Aristaenetus
411 3481 438 3568 l,
457 3497 508 3551 10.
555 3483 639 3583 Πρὺ
652 3487 714 3578 τῆς
732 3484 905 3566 παστάδος
925 3482 988 3557 cdv
1011 3487 1182 3576 ὑμέναιον
1202 3482 1292 3578 ᾖδον
1315 3491 1358 3558 αἱ
1379 3481 1634 3580 μουσικώτεροι
1654 3483 1724 3554 ταῖν
1750 3482 1943 3578 παρθένων

185 3592 246 3661 καὶ
266 3597 528 3690 μειλιχίφωνοι,
552 3598 656 3669 τοῦτο
685 3593 727 3695 δὴ
754 3597 917 3695 Σαπφοῦς
939 3594 981 3666 rei
1001 3595 1142 3690 ἥδιστον
1169 3598 1325 3696 φθέγμα.
1394 3595 1470 3686 Quo
1492 3595 1527 3663 in
1548 3593 1619 3662 loco
1642 3589 1707 3660 lere
1729 3591 1942 3660 coniecturam

186 3697 325 3771 Mercen’
346 3703 493 3795 probant,
524 3702 772 3805 μειλιχῦφοτνοι
808 3705 988 3776 scribentis:
1025 3706 1117 3776 nobis
1143 3704 1222 3775 illud
1248 3731 1287 3774 ex
1315 3711 1515 3802 μελίφωνοι,
1549 3701 1709 3796 duplicata
1740 3699 1865 3794 syllaba
1892 3691 1940 3788 It‘,

185 3825 315 3880 enatum
343 3812 476 3884 videtur.

319 4137 456 4211 Ioannes
490 4139 722 4214 Alexandrinus
744 4160 810 4216 ton.
833 4161 992 4242 praecept.
1001 4032 1123 4242 (irxltss
1144 4143 1201 4217 ‘H
1215 4141 1312 4230 ὀξεῖα
1332 4141 1356 4236 ἢ
1380 4144 1419 4215 ἐν
1438 4142 1528 4215 τίλει
1550 4145 1696 4227 τίθεται,
1725 4137 1748 4234 ἢ
1771 4138 1841 4239 πρὺ
1860 4138 1943 4232 μιῦς

184 4247 250 4320 τοῦ
279 4251 413 4339 τίλους,
453 4249 568 4350 ἢπρὺ
589 4251 669 4325 δύο·
706 4250 777 4351 πρὺ
798 4259 904 4352 τριιὸν
925 4256 964 4330 dd
985 4253 1109 4330 ου’κίιι.
1142 4254 1186 4329 ed
1214 4251 1283 4353 γὺρ
1315 4251 1454 4355 Μήδεια
1474 4247 1574 4350 παρα
1601 4255 1743 4349 Σαπφοῖ
1763 4247 1942 4329 πεπονθός

184 4356 465 4456 παθαῑῖθῦμὶθϋ,
482 4361 551 4435 ’ὅτι
579 4361 647 4457 τήν
675 4373 711 4437 Ξῖ
742 4371 937 4466 δίφθογγον
965 4373 1101 4439 διεῖλεν.
1145 4367 1199 4438 De
1225 4363 1357 4435 diaeresi
1382 4360 1593 4433 Aeolensibus
1618 4362 1734 4432 usitata
1761 4357 1942 4430 testimonia
2033 4371 2043 4380 ·

185 4485 324 4538 veterum
354 4472 426 4541 vide
455 4475 540 4567 apud
572 4473 733 4543 Koeniom
760 4475 802 4545 ad
825 4476 961 4571 Gregor.
992 4503 1025 4571 p.
1041 4485 1117 4546 583.
1144 4494 1175 4548 et
1196 4475 1356 4547 Sturzirtm
1382 4475 1425 4544 ad
1450 4473 1609 4544 Maittair.
1632 4473 1671 4543 de
1694 4469 1768 4540 dial.
1785 4469 1864 4562 ling.
1880 4467 1952 4538 Gra

184 4605 217 4674 p.
230 4593 305 4648 22³.
343 4579 475 4652 Accedit
498 4582 559 4652 boc
580 4583 758 4656 Herodiani
779 4589 857 4681 περὶ
878 4582 1058 4684 μσνῆρους
1085 4589 1209 4670 λέξεως
1228 4599 1328 4682 p.2tt.
1357 4583 1469 4666 οὐδεὶς
1497 4587 1752 4684 παρακείμενος
1774 4576 1941 4653 δισὺλλα-

184 4693 252 4780 βθς
274 4685 367 4762 nard
394 4688 459 4792 τήν
488 4691 684 4789 συνήθειαν
714 4696 774 4766 καί
795 4693 866 4794 τήν
881 4696 1036 4770 παλαιὺν
1058 4698 1182 4796 χρῆσιν
1203 4693 1275 4770 α’πὺ
1300 4698 1362 4792 τῆς
1383 4713 1417 4756 οι
1439 4694 1636 4796 θιφθὺγγου
1657 4689 1815 4787 ἄρχεται,
1844 4685 1941 4763 α’λλὺ

182 4795 293 4886 μόνος
318 4801 340 4874 ὁ
365 4799 456 4877 οῖδα·
487 4809 527 4875 οἱ
549 4799 618 4902 γὺρ
646 4809 724 4903 περὶ
743 4803 917 4881 Ἀλκαῖον
946 4805 1025 4882 detta
1046 4811 1186 4902 λέγουσι
1213 4803 1490 4907 τρισυλλάβως..
1526 4803 1623 4875 Cuius
1652 4801 1715 4874 loci
1736 4801 1940 4899 interpretem
