4274 5290
1053 247 1113 341 89

337 472 422 542 Ex
411 496 484 570 rpso
506 470 593 544 Aldo
615 468 778 567 Volgerns
801 469 924 568 profert
943 475 1181 570 κεκορημένον
1203 469 1353 570 στόργος,
1375 473 1514 544 Ursinus
1527 502 1570 601 p.
1563 485 1663 561 ..289
1686 477 1796 548 scribit
1816 508 1959 582 κεκορη-

200 588 307 673 μένος
329 580 483 678 στόργος.
529 580 678 677 Toupius
701 583 744 654 ad
765 581 906 678 Lougr'n.
927 581 1043 678 sragrn.
1060 599 1092 652 3.
1121 585 1344 694 reponendum
1363 584 1441 653 vidit
1462 585 1634 678 genitivum
1655 587 1689 657 in
1711 593 1758 670 οἷς
1784 590 1960 677 cadentem,

202 693 254 762 rel
276 693 435 789 Σιοργῶς
457 689 508 762 cel
528 691 679 790 Pupye'r'3.
716 690 841 762 Vemm
862 697 928 762 nou
951 693 1045 764 dubie
1067 709 1118 764 est
1138 717 1256 764 nomeu
1277 665 1445 789 posterius,
1468 693 1541 764 licet
1562 712 1667 766 autem
1689 715 1852 770 accentum
1872 700 1959 769 Aeo·

201 802 296 872 licum
319 803 360 872 ab
383 801 469 888 Aldu
492 817 714 872 comervatum
743 801 887 872 retinere.
933 803 1001 874 Sed
1023 802 1101 888 boc,
1133 803 1244 876 Μάλα
1271 801 1314 902 δη
1334 807 1551 902 κεκορημένα
1573 802 1734 904 Γόργος,
1762 809 1960 878 Admodum

82 931 86 938 ·
198 923 368 1002 pertaesa
393 911 577 1004 Gorgonis,
607 910 647 981 de
669 911 771 980 amica
796 911 904 981 nescio
927 935 990 1008 qua
1013 911 1131 982 dictum
1152 929 1317 1008 putemus,
1340 936 1406 982 ιιοιι
1429 915 1501 982 de
1491 939 1563 1009 rpsa
1585 917 1725 1010 poetria,
1748 940 1830 1012 quae
1852 919 1957 1013 potius

201 1047 237 1090 se
261 1022 302 1090 ab
325 1019 389 1095 illis
414 1021 518 1092 deseri
540 1036 698 1114 queratur,
720 1043 819 1116 quam
840 1021 923 1093 ultro
945 1047 1000 1092 eas
1024 1022 1176 1115 repudiet.
1212 1021 1406 1092 Blumfieldo
1427 1021 1550 1118 placet:
1572 1024 1684 1098 Μιίλα
1703 1024 1747 1121 ‘l'l
1766 1027 1957 1126 κεκόρημαι
1987 1099 1988 1104 ,

200 1131 263 1211 τοῖς
286 1133 432 1229 Γοργοῦς.

1024 1351 1129 1422 XCII.

332 1460 517 1532 Athenaeus
532 1457 606 1528 XII.
629 1461 795 1558 p...55ob
831 1459 982 1536 Φυσικόν
1003 1460 1043 1560 δη
1063 1494 1096 1533 τι
1116 1461 1157 1535 ιδ
1176 1461 1257 1542 recle
1276 1431 1517 1550 οιομίνους
1480 1489 1568 1536 ιιναι
1582 1461 1711 1545 καλους
1731 1493 1789 1538 και
1780 1469 1954 1566 ἀ’ραίοος
1992 1507 1998 1520 ·

198 1570 429 1660 α’νθολογειν,
461 1567 552 1644 ὅθεν
580 1575 627 1644 αἵ
647 1599 684 1643 σε
712 1575 804 1700 mel.
817 1600 883 1671 την
905 1570 1136 1671 Περσεφόνην
1163 1571 1382 1663 ἀνθολογεῖν
1407 1573 1578 1662 λέγονται,
1611 1578 1671 1646 atat
1692 1575 1825 1676 Σαπφώ
1850 1609 1954 1676 φησιν

199 1675 290 1754 edelr
311 1677 411 1752 dede
423 1677 651 1778 ἀμέργουσαν
672 1679 804 1753 meld
777 1709 872 1771 αγαν
892 1680 1042 1775 αιιαλήν.

334 1790 471 1860 Vidisse
491 1814 530 1858 se
541 1789 651 1881 flores
673 1790 911 1881 decerpentcm
926 1791 1027 1880 puell
1024 1815 1082 1858 αια
1097 1813 1264 1883 perquam
1284 1800 1445 1859 teneram.
1475 1788 1686 1864 Blomfieldus
1702 1739 1858 1890 poetriam
1873 1802 1952 1869 scri·

197 1902 303 1997 psisse
326 1916 436 1970 censet
457 1897 576 1982 From,
603 1897 718 1970 deiude
747 1905 857 1972 uelde
877 1897 945 1973 τάν
967 1897 1118 1972 σέιιαλαν.
1161 1899 1287 1969 Curtius
1307 1899 1489 1970 restituetur
1509 1899 1730 1999 αμίργοισαν.
1773 1906 1827 1976 De
1853 1911 1951 1979 verbo

198 2009 365 2108 α’μίργιιν
386 2007 680 2102 ride-Hesycbitmt
704 2036 734 2080 v.
756 2007 979 2106 σὶμσργομίνη
1002 2037 1072 2080 cum
1095 2025 1172 2080 nota
1194 2006 1374 2080 Abrcscbii.

917 2259 921 2266 ·
1013 2227 1132 2300 XCIII.

330 2338 520 2412 Plutarchus
545 2339 585 2409 de
609 2339 788 2409 cohibenda
810 2340 859 2409 ira
881 2365 913 2433 p.
930 2353 1005 2418 use.
1042 2337 1108 2412 Ἐν
1136 2339 1226 2437 ὀργῇ
1251 2337 1291 2410 δὲ
1312 2335 1518 2434 σεμνότερον
1546 2335 1650 2409 οὐδὲν
1670 2339 1813 2437 ἡσυχίαις
1833 2346 1948 2445 οὔσης,
2091 2315 2095 2322 ¹

197 2455 243 2533 αἱς
263 2455 285 2553 ἡ
308 2450 439 2549 Σαιιφαὶ
460 2457 634 2547 παραινεῖ,
657 2452 884 2543 σκιδναμένης
905 2453 943 2521 ἐν
965 2446 1129 2540 στήθεσιν
1150 2448 1256 2546 ὀργῆς
1276 2445 1500 2544 πεφυλάχθαι
1522 2451 1680 2539 γλῶσσαν
1701 2453 1948 2544 populabatur,

329 2563 462 2654 Sparsa
479 2559 682 2652 pectoribus
700 2559 753 2627 ἱνα
769 2560 941 2628 custodire
959 2560 1110 2651 linguam
1120 2558 1266 2654 frustm
1285 2559 1473 2626 latrantem.
1505 2559 1560 2628 Sic
1575 2557 1849 2654 Wyttcnbacbius
1870 2565 1949 2638 baec

198 2674 297 2746 edidit
319 2699 337 2742 e
359 2669 486 2740 codice:
521 2667 706 2764 obmjcnim
731 2668 787 2738 ssla
810 2668 909 2740 verba
932 2667 1074 2762 Tragico
1105 2668 1198 2740 alicui
1221 2668 1337 2738 tributa
1359 2684 1435 2736 suut
1462 2667 1503 2736 ab
1527 2667 1572 2736 lt.
1597 2667 1818 2763 Stephanoin
1844 2674 1947 2746 Tbes.

196 2783 237 2854 L.
254 2785 324 2868 Gn,
353 2805 428 2852 mox
450 2779 594 2850 Pindaro
618 2804 638 2849 a
660 2777 866 2850 Schneidero.
911 2778 1142 2872 Μαιγυλσίκας
1164 2778 1238 2872 quia
1261 2777 1347 2874 apud
1366 2775 1544 2847 Pindarum
1568 2776 1682 2872 legitur
1704 2805 1780 2850 casu
1803 2771 1947 2856 nomina·

197 2897 261 2964 tivo
286 2891 384 2963 Nem.
404 2909 436 2976 γ.
468 2907 559 2974 extr,
590 2889 650 2960 boc
681 2912 804 2983 quoque
832 2887 904 2958 loco
926 2887 1090 2982 Volgerus
1120 2887 1217 2958 scribi
1246 2887 1312 2956 vult
1340 2885 1568 2980 μαψυλάκαν,
1599 2904 1761 2983 tamquam
1789 2893 1822 2961 in
1845 2915 1947 2968 metro

197 3003 412 3101 anapaestico.
459 3001 559 3092 Quod
581 2998 761 3069 Boeclrbius
787 2995 878 3069 Non.
902 2999 970 3068 crit.
995 2999 1029 3069 in
1051 2997 1148 3069 Piud.
1172 2996 1193 3066 l.
1211 3023 1238 3066 c.
1263 3014 1372 3066 monet
1394 3021 1459 3067 uon
1483 3023 1554 3066 esse
1578 2999 1638 3066 nisi
1661 3001 1827 3073 masculini
1851 3033 1946 3100 gene·

196 3117 259 3199 ris,
289 3115 359 3208 ipse
382 3111 460 3182 talia
484 3110 693 3206 Sapphonem
720 3108 848 3180 dedisse
872 3109 1068 3204 suspicatus:
1104 3113 1342 3197 Σκιιλναμίνας
1368 3111 1420 3180 ίνλ
1443 3106 1622 3204 στήθεσσιν
1644 3107 1751 3204 ὀργᾶς
1774 3111 1947 3214 Ἐκπρφύ-

196 3231 312 3314 λαχθε
336 3223 495 3313 γλῶσσαν
515 3219 763 3313 μαψυλάκταν.

1007 3435 1131 3507 XCIV.

186 3633 191 3644 ¹
327 3551 509 3622 Athenaeus
531 3549 609 3621 XV..
634 3577 666 3646 p.
682 3551 757 3632 690.
774 3575 802 3620 e.
826 3566 999 3645 postquam
1020 3550 1082 3618 duo
1098 3521 1334 3641 unguentorum
1350 3569 1477 3638 genera,
1503 3551 1678 3641 βρίνθισν
1700 3564 1732 3616 et
1753 3553 1944 3639 βασιλειαν,

195 3691 233 3732 ex
256 3663 449 3731 Pherecrate
473 3677 504 3730 et
527 3659 657 3730 Cratete
682 3658 960 3728 commemoravit:
979 3715 981 3720 .
1000 3657 1131 3756 Σαπφώ
1154 3657 1207 3744 dd,
1238 3657 1355 3750 inquit,
1385 3655 1477 3743 ὁμσῦ
1499 3659 1674 3747 μίμνηιαι
1698 3659 1759 3729 τοῦ
1780 3687 1817 3730 τε
1839 3667 1946 3752 βασι-

195 3781 291 3846 λείου
316 3775 376 3842 καλ
394 3771 458 3842 τοῦ
480 3774 685 3868 βρενθείου,
713 3771 862 3860 λέγουσα
883 3769 1004 3847 οὕτως·
1033 3769 1226 3863 Βρενθείῳ
1247 3766 1436 3859 βασιληίῳ.
1549 3821 1552 3826 .
1992 3851 1995 3856 ¹

325 3882 493 3952 antbeo
519 3881 620 3972 rento.
665 3879 775 3974 Vulgo
793 3880 859 3954 τοῦ
884 3883 1060 3976 βρενθίσυ
1082 3892 1114 3946 et
1132 3881 1292 3972 βρενθίῳ
1314 3879 1490 3966 βασιλείῳ.
1534 3871 1617 3942 Illud
1642 3873 1944 3972 Schweighaeusero

196 3993 309 4066 obtulit
338 3992 438 4062 codex
467 4006 608 4084 uterque,
639 3991 701 4061 nisi
737 3989 822 4086 quod
856 3989 1060 4058 membranae
1088 4007 1106 4058 ῑ
1137 3985 1312 4056 dativomrn
1340 3983 1496 4052 omittunt.
1543 3983 1693 4078 Sequitur
1720 3987 1943 4069 Blomfieldus.

195 4108 386 4204 Βρενθισν,
409 4119 453 4172 art
466 4100 584 4171 Pollux
599 4101 660 4187 Vl,
688 4116 738 4186 19,
761 4115 833 4180 too.
853 4104 893 4172 ἐκ
917 4101 1059 4178 Λυδίας.
1089 4097 1167 4167 Lex.
1190 4095 1286 4164 lthn.
1277 4121 1333 4204 .p.
1326 4109 1425 4162 ..22³
1450 4095 1482 4162 in
1507 4093 1806 4167 BttkeriAnecdd.
1831 4101 1889 4170 Gr.
1913 4121 1944 4173 et

194 4217 302 4309 Etym.
318 4213 369 4283 M.
361 4238 417 4307 .p.
409 4225 505 4296 .‚212
521 4228 574 4289 31.
604 4215 811 4308 Βρίνθειον,
833 4213 949 4306 μῦρον
967 4208 1038 4280 τῶν
1060 4211 1211 4298 παχέων,
1235 4207 1280 4285 co'3
1303 4239 1325 4305 η
1315 4201 1541 4302 ’βακχαριφ
1571 4212 1611 4276 σί
1630 4206 1679 4287 δι’,
1708 4205 1927 4280 dedendo*
1877 4241 1945 4300 μυ-

195 4355 272 4423 ρον.
302 4323 393 4392 Ilaec
418 4322 572 4418 scriptura
595 4320 750 4417 r'eperitur
769 4320 863 4390 etIam
879 4320 986 4413 Itym.
1005 4318 1054 4386 M.
1070 4344 1146 4410 p.
1094 4331 1193 4400 Aac,
1210 4330 1263 4398 97.
1288 4315 1394 4408 Εῑγιιι,
1411 4315 1497 4384 Gnd.
1518 4331 1638 4410 p.337,
1655 4333 1706 4395 ao.
1735 4318 1920 4388 Eustath.
1911 4349 1943 4389 ru

195 4436 287 4504 Iliad.
304 4441 332 4520 ξ.
348 4460 380 4529 p.
397 4433 471 4515 962.
488 4430 568 4501 Bas.
598 4433 798 4528 Βρενθείον
823 4393 933 4496 habet.
945 4427 1050 4496 Orion
1071 4455 1104 4521 p.
1117 4399 1169 4510 ab,
1186 4438 1216 4495 5.
1240 4428 1431 4522 Βρίνίλιον,
1453 4427 1536 4519 qnod
1552 4444 1678 4521 praeter
1692 4427 1858 4497 Pollucem
1875 4429 1942 4500 He·

195 4544 320 4639 sycbius
341 4543 448 4627 babet,
470 4559 503 4610 ut
523 4543 556 4612 in
577 4540 691 4612 iambis
711 4539 825 4610 lectum
846 4553 1016 4610 annotatur
1039 4538 1073 4606 in
1087 4537 1195 4630 Etyrn.
1212 4535 1263 4603 M.
1278 4564 1311 4629 p.
1323 4547 1398 4624 912,
1416 4547 1468 4602 50.

1558 4769 1625 4836 [19]
