4242 5300
1013 206 1071 296 10

935 319 1149 342 Μ

165 439 240 531 περὶ
257 431 392 530 ε’ριόταν
408 433 449 506 δε1
469 435 528 504 ιιαῖ
545 427 625 530 ῆρος
646 434 705 502 noel
722 427 908 508 ἁλκυόνος·
928 431 990 500 καὶ
1006 427 1102 519 ᾄπαν
1120 422 1232 498 καλόν
1249 424 1363 515 ὄνομα
1380 422 1571 524 ε’νόφανται
1593 421 1701 522 αὐτῆς
1716 424 1763 520 τῆ
1780 422 1918 524 ποτῆτα,-

163 540 212 618 τιί
225 544 263 615 δὲ
285 548 344 614 καὶ
361 542 448 642 αὐτῆ
465 539 655 640 εἰργάσατο.
693 541 831 619 'Attae
848 539 888 610 δὲ
905 535 1045 610 unomen
1068 533 1131 608 τόν
1148 535 1316 634 α’γροῖιιον
1332 539 1494 634 νυμφίον,
1518 539 1578 606 καὶ
1593 531 1657 606 τόν
1674 531 1841 631 θυρωρόν
1856 532 1920 607 τόν

163 655 202 728 ἐν
218 662 292 733 τοῖς
308 649 443 744 γόμοις,
466 651 688 724 εὐτελέστατα
705 653 765 721 καί
782 652 822 720 ἐν
838 658 945 734 πεζοῖς
962 646 1107 738 ὀνόμασι
1128 647 1267 733 μᾶλλον
1283 647 1305 742 ῆ
1321 647 1361 716 ἕν
1385 647 1578 742 ποιητικοῖς.
1604 643 1688 716 ὥστε
1707 643 1814 744 αὐτῆς
1829 644 1919 734 μᾶλ·

162 759 227 832 λόν
245 765 313 833 ἐστι
329 761 373 834 ro?
387 759 556 861 ποιῆματα
572 760 691 831 ταῦτα,
702 763 922 849 διαλέγεσθαι
937 761 960 857 ἢ
976 759 1084 851 ᾄδειν,
1103 753 1175 826 οὐδ
1190 755 1237 826 ἂν
1255 751 1404 851 ἁρμόσαι
1417 752 1502 850 πρός
1517 752 1580 825 τδν
1597 752 1707 850 χορόν
1723 755 1745 853 ἢ
1761 753 1844 851 πρός
1856 751 1920 853 τῆν

141 867 291 966 λύραν,
314 871 350 943 εἰ
369 870 418 968 μῆ
441 899 488 950 τις
510 879 564 964 εἴη
586 866 692 966 χορός
713 865 932 947 διαλεκτικός.
975 869 1028 937 Ab
1052 867 1166 936 eodem
1191 864 1325 959 Sappho
1349 863 1496 933 laudatur
1517 865 1560 932 oh
1584 889 1676 932 usum
1700 863 1921 960 tempestivum

119 1047 122 1054 .
162 980 365 1079 ὑπερβολῆς,
387 977 656 1064 οῖναδστλιόσευς,
675 977 868 1074 ἀναφορᾶς,
892 977 1100 1076 μεταφορᾶς,
1123 975 1338 1072 παραβολῆς,
1356 973 1565 1072 μεταβολῆς,
1589 975 1705 1044 additis
1724 972 1922 1066 singulorum

164 1088 361 1160 schematum
384 1088 537 1184 exemplis
563 1087 766 1169 orantus.
784 1083 1208 1166 tuo.1n1.1na.1uh.tna.
1237 1083 1343 1151 Porro
1363 1082 1530 1178 Longinus
1555 1085 1594 1152 de
1618 1083 1746 1153 sublimi
1769 1109 1797 1150 c.
1812 1096 1863 1151 10.
1886 1083 1920 1150 in'

166 1199 305 1268 carmine
329 1199 469 1276 secemdo
493 1197 639 1268 amatorii
662 1195 778 1264 furoris
803 1194 990 1266 affectiones
1019 1197 1065 1264 ita
1089 1193 1228 1264 ostendit
1254 1193 1398 1289 depingi,
1425 1210 1461 1261 ut
1488 1217 1613 1262 summa
1635 1217 1780 1288 quaeque
1809 1208 1841 1260 et
1862 1189 1920 1283 eli·

165 1323 280 1400 gantur
309 1324 341 1376 et
369 1307 452 1376 iuter
479 1334 513 1377 se
543 1322 787 1391 connectantur,
819 1329 919 1399 eaque
948 1332 989 1392 re
1012 1304 1212 1375 sublimitatis
1236 1304 1375 1399 speciem
1404 1301 1614 1372 efflorescere.
1659 1302 1705 1370 Et
1727 1299 1920 1370 Plutarchus

164 1419 307 1484 Amator.
326 1442 354 1484 c.
369 1426 420 1485 18.
446 1417 490 1484 Τ.
502 1417 575 1486 XII.
593 1431 690 1512 phu.
711 1412 810 1513 Αότῆ
826 1415 864 1488 διΙ
881 1413 1026 1514 ἀληθεῖς
1041 1417 1235 1506 μεμιγμένα
1251 1417 1331 1508 πυρὶ
1348 1415 1546 1512 φθέγγεται,
1565 1417 1626 1484 καὶ
1643 1409 1701 1484 διδ
1718 1413 1788 1484 ταῖν
1803 1408 1920 1502 μελῶν

162 1523 329 1625 α’ναφίρει
350 1525 414 1624 τῆν
439 1524 508 1596 α’πδ
531 1528 591 1623 τῆς
615 1531 759 1622 καρδίαις
782 1521 996 1623 θερμότητα,
1028 1523 1173 1613 μούσαις
1195 1521 1360 1622 εὐφώνοις
1377 1519 1507 1622 ιἰσμίνῆ
1526 1519 1589 1594 τόν
1613 1527 1737 1621 ἔρωτα.
1784 1523 1919 1592 Sentens

166 1634 208 1704 tia
227 1633 399 1718 consimili,
424 1634 588 1729 qnahaec
612 1651 751 1703 ennena
776 1635 860 1703 dicta
884 1653 972 1720 sunt,
994 1636 1202 1702 Aristoxenus
1227 1657 1299 1702 eam
1324 1633 1465 1729 scripsit,
1489 1656 1587 1726 aeque
1612 1657 1650 1702 ac
1674 1656 1732 1700 sna
1755 1631 1920 1715 Alcaeum,

166 1742 327 1814 volumina
350 1743 508 1811 sodalium
532 1742 603 1812 locu
627 1743 788 1828 habuisse,
811 1759 946 1813 testante
970 1743 1192 1839 Porphyrione
1215 1743 1249 1812 in
1272 1742 1388 1812 Horat.
1412 1743 1517 1814 Semi.
1541 1742 1582 1827 Π,
1599 1760 1626 1826 1,
1640 1755 1693 1810 30.

299 1851 351 1921 Ex
370 1853 560 1924 carminibus
578 1854 644 1922 eins
661 1853 856 1922 'nominatim
880 1851 1316 1949 celebranturEpithalamia
1340 1875 1360 1920 a
1376 1852 1535 1945 Dionysio
1552 1850 1833 1922 Halicamassensi
1848 1851 1919 1920 Art.

166 1963 266 2033 Rhea.
288 1991 322 2060 p.
339 1979 391 2046 37.
418 1963 563 2032 Himerio
588 1965 684 2034 Orat.
704 1981 732 2050 1,
752 1979 784 2041 a.
809 1962 863 2057 qui
884 1961 958 2031 huie
983 1963 1038 2031 uni
1062 1961 1237 2031 thalannnn
1263 1979 1295 2031 et
1316 1961 1456 2031 Veneris
1480 1962 1571 2055 orgia
1594 1963 1738 2031 canenda
1763 1987 1784 2030 a
1808 1961 1919 2032 ceteris

165 2075 268 2170 poetis
295 2066 452 2170 permissa
475 2097 546 2142 esse
573 2073 709 2142 oratorie
739 2073 876 2141 scribit'
905 2072 999 2142 Adde
1023 2061 1250 2141 Dioseoridem
1273 2069 1406 2140 Anthol.
1430 2070 1539 2140 Palat.
1559 2070 1637 2156 Vll,
1658 2087 1734 2155 507.
1759 2071 1919 2168 aliumque

164 2200 294 2281 poetam
316 2181 466 2268 IX,·189,
493 2205 514 2248 a
538 2207 600 2276 quo
624 2181 763 2251 Lesbiae
788 2179 965 2277 Sapphone
989 2182 1068 2250 dirce
1092 2181 1261 2265 lamonem,
1283 2181 1471 2250 Pronubam
1496 2205 1562 2248 non
1586 2181 1840 2268 dubie,'ehoreis
1865 2207 1919 2252 eo·

168 2293 232 2363 lere
256 2293 412 2362 iubentur.
456 2291 550 2360 Haec
574 2290 761 2388 Sapphonis
785 2289 1006 2385 Epithalamia
1031 2289 1192 2361 Catullum
1217 2291 1372 2359 imitatum
1395 2305 1486 2386 putat
1508 2290 1551 2358 Is.
1575 2291 1715 2361 Vossius
1740 2292 1782 2361 ad
1803 2291 1921 2362 catull.

162 2431 198 2500 p.
214 2410 286 2486 189,
310 2417 342 2470 et
360 2417 530 2496 supersunt
549 2401 626 2470 satis
646 2398 739 2468 multi
763 2399 919 2485 versiculi,
943 2425 1024 2494 quos
1049 2399 1100 2469 vel
1124 2401 1315 2496 scriptorum
1338 2401 1507 2469 auctoritas
1530 2399 1581 2469 vel
1604 2401 1831 2472 sententiarum
1850 2426 1920 2472 ver·

40 2537 47 2545 ·
163 2513 339 2605 hommque
362 2510 443 2579 ratio
466 2508 539 2578 huic
562 2509 669 2604 generi
693 2509 863 2579 vindicant
907 2508 1070 2604 Singulari
1099 2509 1181 2578 libro
1205 2535 1244 2578 ea
1267 2509 1498 2606 comprehensa
1520 2535 1606 2596 esse,
1637 2512 1734 2580 fidem
1756 2536 1822 2580 non
1844 2510 1921 2580 facit
1995 2531 1996 2536 ’

165 2621 296 2694 Seruius
321 2620 363 2689 ad
377 2618 497 2713 Virgil.
513 2619 634 2713 Georg.
649 2619 674 2704 I,
691 2635 744 2688 31.
770 2619 915 2701 (XLIX.)
947 2619 1095 2714 Hymnus
1116 2620 1182 2688 eius
1203 2618 1385 2718 ιιλιγισιοιῖς
1406 2619 1516 2690 laudat
1535 2621 1718 2690 Menander
1736 2620 1860 2691 Rhetor
1880 2621 1921 2692 de

133 2718 136 2730 ¹
166 2753 290 2800 encom.
306 2730 332 2815 1,
347 2743 379 2796 2.
401 2728 523 2827 κλῆσιν
542 2735 689 2822 ἔχοντας
706 2727 844 2800 πολλῶν
864 2731 978 2813 θεῶν,
1004 2731 1043 2800 de
1062 2731 1176 2825 quibus.
1192 2729 1217 2814 1,
1231 2747 1262 2797 a.
1280 2709 1330 2798 ita
1353 2729 1499 2799 disserit:
1521 2730 1622 2820 Ἀμα
1642 2733 1709 2821 μὲν
1726 2736 1766 2804 tu
1783 2738 1921 2810 πολλῶν

164 2837 279 2912 τόπων
297 2848 371 2918 τοῖς
394 2847 548 2936 ποιηταῖς
573 2843 679 2924 ἔξεστι
696 2837 777 2920 ταῖς
798 2839 905 2920 θεοὺς
928 2839 1134 2927 ἀνακαλεῖν,
1169 2841 1215 2919 τός
1239 2824 1336 2937 παρα
1359 2840 1402 2937 τῆ
1429 2843 1569 2938 Σαπφοῖ
1596 2849 1655 2913 ιιαλ
1680 2843 1734 2934 τῷ·
1746 2842 1922 2935 Ἀλκμᾶνι

164 2947 345 3038 πολλαχοῦ
368 2949 580 3044 εὑρίσκομεν.
637 2945 712 3045 Τῆν
727 2949 796 3040 μίν
811 2947 879 3046 γοῖρ
893 2950 1061 3046 Ἀρτεμιν
1079 2952 1119 3020 εἰι
1141 2956 1275 3046 μυρίων
1293 2949 1414 3047 ὁρίων,
1436 2957 1570 3047 μυρίων
1589 2953 1628 3024 δι’
1645 2952 1788 3044 πόλεων,
1817 2965 1867 3029 ἔτι
1884 2960 1923 3033 δὲ

164 3058 329 3149 ποταμῶν
344 3055 534 3146 α’νακαλεῖ,
557 3054 623 3155 τῆν
641 3058 681 3129 δὲ
700 3055 910 3156 Ἀφροδίτην
929 3057 1088 3155 Κύπρου,
1116 3065 1266 3142 Κνίδου,
1294 3065 1439 3156 Συρίας,
1469 3059 1694 3153 πολλαχόθεν
1713 3065 1923 3159 ἀλλαχόθεν

164 3167 347 3240 α’ναιιαλεῖ.
385 3163 439 3238 Ori
454 3163 566 3255 μόνον
584 3197 623 3259 γε
638 3166 740 3238 τοῦτο
746 3221 756 3254 ,
786 3165 881 3238 σῖλλιῖ
898 3171 959 3240 aul
974 3166 1055 3248 τοιῖς
1071 3165 1194 3250 τόπους
1210 3166 1336 3249 amoris
1351 3175 1457 3255 ίξεοτι
1474 3171 1684 3270 διαγράφειν,
1711 3177 1786 3248 οῖον
1802 3175 1839 3251 εί
1853 3179 1924 3253 α’πδ

164 3278 326 3366 ποταμῶν
350 3284 465 3364 καλεῖ,
493 3277 586 3373 ὕδωρ
602 3279 625 3376 ἢ
643 3277 760 3369 ὄχθας
776 3281 837 3348 καὶ
851 3275 932 3358 τούς
947 3278 1204 3377 ὑποπεφυιιότας
1220 3279 1400 3368 lauturus,
1422 3283 1482 3352 καὶ
1498 3279 1627 3378 χοροός
1648 3286 1702 3355 e'ut
1723 3295 1796 3368 τοῖς
1816 3317 1923 3376 ποτα-

163 3395 243 3478 μοῖς
259 3389 475 3490 γενομένους,
496 3392 554 3456 καὶ
569 3383 616 3458 ro?
630 3387 774 3458 τοιαῦτα
791 3385 1123 3488 προσαναγρόφουσι·
1139 3387 1457 3488 nutriendisque,
1484 3390 1653 3474 ιόοαότας·
1682 3395 1765 3470 ὥστε
1783 3397 1920 3500 α’νοίγιογ

164 3494 322 3592 μαιιροιῖς
338 3493 455 3567 αὐταῖν
472 3500 653 3587 γίγνεσθαι
669 3493 750 3576 τούς
766 3495 948 3597 ιιλῆτιιιοιῖς
966 3499 1107 3589 ὕμνους.
1138 3501 1190 3568 Ex
1211 3500 1267 3568 tali
1285 3500 1403 3595 hymno
1421 3502 1454 3572 in
1467 3501 1632 3574 Venerem
1651 3506 1769 3602 scripto
1794 3511 1920 3581 desum·

166 3623 257 3703 ptum
280 3622 330 3674 est
351 3605 466 3700 fragm.
485 3605 547 3674 VI.
590 3605 775 3701 Sapphonis
800 3609 833 3675 in
856 3607 999 3676 Dianam
1022 3608 1174 3704 hymnum
1197 3610 1319 3680 imitata
1344 3627 1413 3681 erat
1432 3611 1631 3708 Damophila
1652 3615 1863 3713 Pamphylia,
1893 3623 1921 3692 si

166 3737 246 3784 vera
272 3731 382 3782 namat
404 3714 595 3810 Apollonius
621 3714 805 3810 Tyanensis
833 3739 886 3812 ap.
913 3717 1068 3789 Philostr.
1095 3720 1126 3805 l,
1146 3735 1200 3789 30.
1247 3720 1448 3791 Mentionem
1470 3723 1548 3792 facit
1570 3723 1757 3819 hymnorum
1780 3729 1919 3800 lulianus

167 3849 292 3919 quoque
309 3823 415 3918 Epist.
432 3839 485 3892 30.
524 3826 563 3892 In
585 3841 652 3894 tota
669 3841 774 3894 autem
797 3827 888 3922 poesi
906 3829 972 3896 eius
995 3830 1152 3923 regnabat
1174 3855 1277 3916 amor,
1300 3846 1335 3899 ut
1352 3849 1480 3926 praeter
1505 3831 1592 3928 ipsas
1616 3834 1766 3931 reliquias
1789 3855 1924 3909 testatur

167 3933 360 4003 Demetrius.
406 3932 493 4002 Inter
515 3936 660 4029 egregios
684 3936 724 4004 de
749 3959 856 4006 amore
880 3955 1024 4008 auctores
1049 3939 1159 4008 laudat
1180 3939 1278 4008 Plato
1301 3939 1453 4009 Phaedro
1476 3969 1509 4038 p.
1525 3954 1601 4011 235.
1616 3971 1655 4031 e.‚
1678 3964 1710 4016 et
1728 3947 1920 4020 Plutarchus

168 4045 208 4113 de
226 4041 323 4138 Pyth.
341 4065 427 4110 orac.
445 4042 489 4111 T.
504 4043 562 4110 IX.
578 4071 610 4138 p.
623 4037 698 4128 587.
718 4045 790 4141 pari
806 4047 872 4116 iure
896 4045 979 4116 hanc
1003 4047 1159 4144 appellari
1178 4075 1275 4144 posse
1299 4051 1375 4120 dicit
1396 4075 1493 4120 unam
1515 4052 1691 4155 ἕρατιιιῆν,
1715 4082 1777 4152 qno
1797 4089 1922 4150 μαντι-

169 4149 236 4232 utic
249 4150 406 4245 Sibyllam
423 4169 455 4222 et
468 4152 690 4222 Aristonicam.
713 4153 884 4253 Ἐρυτιιιᾰ
896 4161 985 4254 μίλιγ
1002 4141 1180 4228 memorant
1193 4159 1374 4229 Pausanias
1388 4162 1413 4247 Ι,
1426 4173 1479 4231 25.
1501 4163 1683 4235 Athenaeus
1698 4165 1786 4236 XIII.
1801 4195 1834 4264 p.
1845 4169 1920 4240 605.

169 4289 198 4332 e.
214 4260 307 4332 XIV.
323 4261 443 4356 p.639.
453 4285 482 4330 a.
508 4260 701 4332 Themittius
713 4267 774 4336 Or.
791 4267 879 4334 XIII.
895 4296 928 4362 p.
945 4281 1017 4350 170.
1028 4269 1058 4336 d.
1078 4268 1145 4337 Die
1159 4269 1407 4364 Chrysostomns
1425 4273 1487 4345 Or.
1502 4273 1543 4342 Π.
1561 4301 1594 4370 p.
1607 4285 1660 4344 81.
1698 4278 1830 4350 Addunt
1848 4283 1920 4353 sui·

170 4374 228 4443 das
248 4389 280 4442 et
296 4371 442 4442 Eudoeia
461 4369 700 4468 ἐπιγράμματα
720 4380 779 4446 καὶ
794 4377 940 4468 ε’λιγιῖα,
963 4378 1080 4450 Suidas
1096 4396 1259 4475 praeterea
1281 4379 1433 4476 ἰάμβους
1453 4389 1513 4456 ιιαῖ
1529 4392 1712 4476 μονῳδάις.
1746 4391 1924 4486 Epigram-

169 4499 257 4551 mata
281 4481 439 4577 quaedam
463 4498 651 4575 supersunt,
679 4484 737 4552 sed
760 4485 832 4554 fidei
857 4488 981 4560 dubiae.
1018 4488 1144 4560 Versus
1169 4491 1322 4562 iambicos
1347 4495 1482 4591 Sappho
1505 4495 1597 4580 feeit,
1628 4497 1679 4565 vix
1708 4517 1813 4570 autern
1841 4503 1922 4572 inte·

171 4617 230 4687 gra
257 4619 294 4662 eu
322 4593 360 4661 iis
389 4591 531 4661 cannina
560 4593 776 4688 composuisse
805 4620 876 4667 eam
905 4601 1071 4670 credimus.
1125 4602 1354 4673 Monodiarum
1385 4629 1451 4674 non
1479 4621 1528 4674 est
1556 4631 1652 4676 unum
1677 4612 1838 4705 quoddam
1868 4639 1923 4710 ge·

171 4727 246 4789 nus,
269 4703 326 4773 sed
348 4703 488 4772 maxima
511 4727 587 4799 par-s
612 4705 786 4776 cuminum
809 4707 942 4804 singulis
966 4710 1163 4798 cantoribus,
1184 4738 1250 4781 non
1273 4713 1394 4800 choris,
1417 4716 1536 4811 scripta
1558 4733 1637 4786 erat.
1707 4713 1710 4718 ’
1850 4720 1853 4726 ’
