4242 5300
1018 224 1049 325 lt

914 342 1145 360 a*

161 467 293 540 totidem
313 465 416 534 verbis
438 477 600 532 testantur.
645 459 697 526 De
721 456 826 552 patria
846 454 1018 524 meretricis
1039 479 1059 522 a
1079 454 1190 523 ceteris
1212 455 1357 524 dissentit
1377 452 1495 525 Suidas
1512 457 1700 554 ’1.Σαπφά.
1733 455 1915 550 Postquam

161 579 246 648 enirn
275 575 433 671 poetriam
462 571 610 640 Etesiam
638 565 832 662 appellavit,
860 563 937 632 talia
962 564 1099 633 subiicit:
1126 560 1256 662 Scapul
1280 558 1417 656 Asafle'ci
1443 565 1482 635 ἐκ
1508 564 1724 663 Μιτυλήνης,
1749 563 1915 661 ψάλτρια.

161 686 250 784 αὕτη
274 682 321 756 δι’
341 690 452 779 ἔρωτα
476 677 617 758 Φάωνος
638 676 701 748 τοῦ
724 678 963 770 Μιτυληναίου
988 675 1028 744 ἐκ
1051 673 1114 744 τοῦ
1133 670 1316 746 Λευκάτου
1337 673 1575 746 κατεπόντισεν
1599 674 1733 775 ἑαυτήν.
1761 676 1853 755 τινάς
1876 675 1916 747 dd

161 801 222 868 καὶ
252 791 377 889 ταύτης
404 791 492 862 εἶναι
521 784 665 886 λυρικήν
692 783 902 880 άνέγραομαν
929 788 1071 881 ποίησιν.
1118 783 1215 854 Citius
1245 781 1308 852 loci
1336 783 1434 852 verh'a
1461 801 1624 879 postrema
1651 787 1782 870 docent,
1810 785 1916 880 ipsum

164 905 352 1000 scriptorem
375 899 516 969 carmina
538 897 637 992 lyrica
659 893 747 962 nulla
770 917 899 962 censere
921 915 941 960 a
963 890 1098 988 psaltria
1124 916 1183 960 sna
1205 890 1402 986 Mytilenaea
1428 895 1616 989 composita.
1657 895 1687 963 E
1712 895 1831 967 Suidae
1857 917 1914 962 an-

161 1015 323 1085 notatione
350 1009 502 1106 pleraque
531 1005 657 1103 repetiit
685 1001 826 1096 Hesych.
847 1001 957 1071 Miles.
978 1029 1011 1098 p.
1029 1001 1083 1070 36.
1124 1001 1194 1069 Iam
1222 1001 1334 1070 dixerit
1361 1001 1492 1096 aliquis,
1519 1004 1669 1097 quoniam
1693 1004 1814 1072 Eresos
1843 1027 1914 1071 cum

162 1123 322 1219 plerisque
346 1117 468 1188 insulae
492 1115 619 1212 oppidis
643 1113 677 1182 in
700 1112 817 1180 ditione
839 1111 1107 1205 Mytilenaeorum
1128 1111 1230 1196 suerit,
1258 1136 1347 1180 more
1370 1129 1511 1180 vetemm
1532 1113 1651 1182 lactum
1674 1137 1757 1198 esse,
1783 1130 1816 1181 ut
1839 1112 1914 1206 My·

163 1231 298 1302 tilenaea
327 1243 507 1312 vocaretur,
537 1247 619 1319 qnae
646 1213 780 1319 proprie
806 1237 892 1290 esset
915 1220 1039 1289 Eresia,
1082 1217 1196 1314 Neque
1225 1236 1275 1289 est
1300 1246 1339 1289 ea
1366 1223 1522 1292 sententia
1549 1223 1663 1292 iccirco
1691 1223 1914 1318 improbanda,

164 1340 250 1436 quod
269 1337 542 1409 memoriameius
564 1331 751 1426 Mytilenaei
772 1329 906 1425 egregiis
926 1327 1097 1398 honoribus
1118 1328 1284 1432 coluerint.
1306 1329 1425 1420 Quum
1447 1357 1523 1400 vero
1547 1333 1580 1400 in
1605 1333 1718 1402 eadem
1741 1332 1817 1401 urhe
1844 1351 1915 1400 cnm
1953 1411 1955 1416 Ι

163 1450 284 1520 Alcaeo
310 1448 436 1542 degisse
459 1445 617 1526 videatur,
642 1441 709 1510 veri
732 1440 826 1509 suerit
848 1437 995 1526 similius,
1019 1439 1162 1518 simodo
1181 1440 1247 1508 iure
1267 1456 1299 1510 et
1320 1440 1435 1508 Eresia
1457 1458 1488 1510 et
1508 1441 1707 1534 Mytilenaea
1726 1438 1914 1538 appellatur,
2024 1481 2027 1486 -

163 1559 268 1628 Ereso
292 1583 364 1626 eam
387 1557 420 1623 in
446 1554 557 1622 urbem
579 1550 700 1619 insulae
723 1549 901 1645 principem
924 1549 1161 1644 commigrasse.
1199 1547 1386 1618 Videndum
1415 1567 1464 1618 est
1490 1567 1608 1635 autem,
1637 1577 1677 1619 ne
1706 1576 1772 1620 non
1798 1567 1915 1618 temere

163 1668 299 1738 Eresiae
319 1661 507 1732 vocabulum
525 1660 592 1730 lere
613 1684 684 1730 curn
703 1658 848 1730 Phaonis
869 1683 991 1744 amore,
1018 1685 1088 1728 cum
1109 1657 1192 1727 saltu
1210 1658 1387 1744 Leucadio,
1412 1676 1533 1729 etcum
1552 1661 1617 1729 vita
1639 1660 1816 1729 meretricia
1839 1682 1914 1728 con·

163 1778 319 1869 iunganu.
354 1771 503 1841 Poetriac
528 1768 712 1866 Sapphonis
736 1767 841 1838 lurore
860 1767 1028 1837 Phaonem
1050 1767 1251 1837 nobilitatum
1273 1785 1399 1863 praeter
1423 1769 1576 1839 Ovidium
1599 1770 1733 1840 Heroid.
1752 1770 1845 1866 epist
1865 1779 1914 1836 15.

163 1899 318 1954 testantur
340 1879 558 1975 Palaephatus
582 1880 621 1948 de
643 1879 767 1948 Incred.
783 1893 880 1964 cto,
904 1878 1051 1947 Eudocia
1069 1905 1099 1946 v.
1120 1876 1237 1961 Φάων,
1259 1877 1445 1972 Apostolius
1464 1877 1716 1964 Provv.20,15.
1736 1879 1785 1948 his
1809 1878 1914 1950 verbis

163 1991 227 2063 usi:
252 1973 363 2069 Οὗτος
385 1991 405 2062 ὁ
428 1987 532 2062 Φάων
555 1991 656 2080 ἐστὶν,
680 1986 731 2086 ἐφ’
751 1985 780 2080 ᾧ
801 1987 865 2060 τάν
887 1995 999 2084 ἔρωτα
1021 1988 1126 2086 αὐτῆς
1149 1989 1170 2086 ἡ
1191 1986 1320 2084 turpet
1341 1985 1507 2068 πολλάκις
1528 1984 1621 2082 ᾆσμα
1641 1991 1806 2086 ἐποίησεν,
1833 2011 1913 2083 quae

129 2133 135 2148 ¹
165 2102 251 2172 hand
280 2100 372 2170 dubie
401 2101 601 2168 restituerunt
628 2123 688 2194 pro
718 2096 854 2191 vulgatis
883 2094 960 2166 olim
987 2097 1076 2186 αἷμα
1104 2099 1267 2195 ἐποίησεν.
1311 2096 1495 2192 Apostolius
1520 2098 1605 2167 enim
1627 2098 1717 2198 locos
1742 2098 1861 2168 Suidae
1884 2111 1916 2166 et

164 2209 358 2308 Palaephati
382 2209 617 2302 conglutinavit
641 2231 836 2301 quamquam
858 2205 940 2276 inter
962 2229 996 2276 se
1019 2223 1243 2302 repugnantes.
1276 2206 1314 2274 In
1336 2207 1436 2302 ipsius
1462 2209 1651 2277 carminibus
1675 2223 1773 2293 erant,
1802 2207 1914 2302 quihus

165 2320 335 2390 Phaonem
360 2319 502 2414 deperire
527 2341 561 2387 se
584 2317 749 2410 fateretur,
772 2333 805 2384 et
826 2317 890 2384 iam
909 2315 1090 2385 Athenaeus
1115 2333 1147 2386 et
1168 2315 1219 2412 vjel
1243 2317 1400 2410 antiquior
1421 2317 1478 2385 illo
1501 2318 1637 2412 scriptor
1660 2314 1821 2414 Nymphis
1845 2316 1914 2412 opi·

165 2431 330 2514 nahantnr,
354 2427 522 2497 Phaonem
546 2453 617 2496 cum
639 2425 803 2495 meretrice
822 2425 946 2511 Eresia,
970 2450 1036 2494 non
1058 2451 1129 2494 cnm
1149 2427 1280 2521 poetria,
1304 2453 1372 2495 rem
1391 2426 1563 2495 hahuisse?
1586 2423 1680 2496 'Num
1699 2428 1791 2521 igitur
1810 2428 1914 2496 minus

167 2539 334 2634 diligenter
355 2536 389 2606 hi
412 2537 445 2606 iu
467 2536 652 2632 Sapphonis
676 2535 764 2606 lihn's
788 2535 904 2604 versati
927 2551 1018 2604 eraut
1039 2537 1284 2630 cognoscendis,
1309 2536 1462 2605 anillam
1481 2561 1580 2630 nsque
1604 2537 1646 2605 ad
1670 2553 1806 2605 aetatem
1829 2535 1916 2605 hona
1956 2559 1957 2564 ¹

166 2671 243 2746 pars
267 2672 377 2717 corum
400 2645 614 2742 interciderat,
644 2669 686 2714 an
711 2647 815 2738 minus
841 2645 1022 2740 frequenter
1048 2647 1083 2714 in
1110 2647 1148 2715 iis
1172 2645 1317 2716 Phaonis
1345 2671 1462 2715 nomen
1491 2648 1710 2742 comparebat,
1740 2671 1835 2742 quam
1862 2646 1916 2716 isti

167 2783 227 2828 nos
251 2757 362 2827 iubent
384 2756 534 2825 credere?
567 2755 729 2830 Fortasse,
743 2754 823 2824 haec
846 2754 973 2849 singula
995 2755 1114 2850 aliquid
1137 2756 1253 2842 valent,
1281 2773 1314 2825 at
1336 2757 1409 2826 licet
1432 2781 1591 2852 quaerere,
1616 2781 1695 2852 quos
1718 2755 1823 2826 lenus
1846 2756 1914 2826 Pa·

167 2865 308 2962 laephati
337 2866 486 2951 adierint,
515 2889 536 2934 a
563 2865 783 2935 venistion'hus
812 2864 875 2933 illis
904 2890 970 2936 non
997 2865 1141 2936 consulto
1173 2883 1326 2963 spretos..
1351 2867 1457 2936 Porro
1485 2867 1679 2936 meretricem
1706 2864 1915 2966 Sapphouem

168 2977 222 3071 qui
246 2975 362 3044 saltum
381 2973 581 3068 Leucadium
606 2999 717 3044 ausam
741 2975 888 3060 dixerint,
913 3000 1009 3070 supra
1033 2975 1277 3062 declaravimus:
1307 2975 1438 3046 sedvel
1462 2977 1571 3045 addita
1593 2976 1733 3071 poetriae
1756 2975 1913 3069 significa-

166 3087 266 3172 tione,
290 3084 341 3154 vel
364 3109 430 3154 non
454 3086 561 3154 addita
586 3085 758 3154 meretricis
788 3084 1018 3181 appellatione,
1045 3087 1186 3180 poetriae
1214 3087 1249 3159 id
1275 3087 1399 3155 facinus
1429 3087 1611 3156 adscribunt
1639 3086 1820 3155 Menander
1850 3085 1913 3156 Co·

166 3195 265 3266 micm
290 3219 342 3289 ap.
360 3195 466 3266 Strah.
482 3193 525 3261 X.
539 3205 660 3289 phhss.
694 3192 797 3286 Ἐχιι
825 3195 909 3291 ttp‘
937 3198 1044 3291 πέτρα
1070 3192 1112 3265 ad
1140 3197 1204 3266 τοῦ
1225 3193 1389 3270 Λευκάτα
1411 3193 1630 3276 Ἀπόλλωνος
1656 3193 1763 3294 lapda,
1794 3199 1854 3266 real
1875 3191 1916 3266 rei

165 3305 265 3395 ἅλμα
285 3303 327 3376 rei
349 3302 429 3384 roric
451 3311 581 3400 ἔρωτας
603 3301 723 3375 παάιιν
745 3307 1019 3393 πεπιστευμένον·
1047 3303 1101 3377 ot
1124 3303 1167 3403 δη
1191 3309 1325 3397 λέγεται
1346 3303 1459 3403 πράτη
1480 3303 1624 3404 Σαπφώ,
1654 3305 1701 3385 ὥς
1723 3303 1789 3376 nati
1813 3334 1915 3403 φησιν

166 3417 425 3511 ὀΜένανδρος,
454 3411 527 3484 Τὸν
550 3415 765 3508 ὑπέρκομπον
786 3415 931 3512 άηριὸοα
952 3411 1062 3486 Φάων’
1091 3413 1280 3513 Οἰοτρῶντι
1303 3415 1402 3505 stou
1432 3421 1538 3514 ῥῖψαι
1563 3419 1688 3512 πέτρας
1705 3413 1793 3488 ’And
1817 3423 1913 3513 τηλι-

166 3523 310 3623 pavete.
357 3523 510 3608 Ovidius,
543 3523 629 3591 cuius
654 3524 788 3593 Heroid.
804 3525 896 3620 epist.
912 3533 961 3592 15.
976 3551 1024 3592 vs.
1041 3542 1112 3608 171.
1143 3522 1245 3594 Naias
1274 3526 1414 3620 poetriae
1442 3525 1611 3622 praecipit:
1646 3526 1731 3594 Pete
1759 3529 1942 3615 protinus

168 3637 277 3704 altam
297 3635 478 3717 Leucada,
505 3658 569 3701 nec
594 3657 687 3701 suaa
716 3635 896 3702 desiluisse
923 3635 1019 3715 time,·
1046 3652 1078 3705 et
1098 3661 1145 3704 vs.
1159 3650 1232 3718 219.
1248 3635 1320 3730 ipsa
1340 3631 1489 3732 Sappho:
1515 3636 1594 3704 Hoc
1616 3635 1739 3702 saltem
1760 3636 1914 3720 miserae,

169 3745 332 3827 crudelis,
362 3745 508 3834 epistola
535 3743 641 3827 dicut,
674 3745 722 3813 Ut
745 3745 829 3812 mihi
846 3745 1043 3814 Leucadiae
1058 3744 1147 3838 suta
1164 3757 1332 3836 petantur
1355 3769 1476 3838 aquae.
1512 3746 1631 3816 Statius
1653 3743 1826 3831 silv.V,s‚
1843 3756 1914 3814 155.

166 3855 294 3924 Saltus
305 3855 460 3945 r'rrgressa
481 3853 593 3921 viriles
613 3855 692 3922 Non
699 3856 902 3946 formidata
921 3854 1104 3924 temeraria
1117 3855 1280 3924 Leucade
1293 3855 1445 3946 Sappho.
1461 3853 1614 3950 Alciphro
1626 3855 1682 3940 ΙΠ,
1695 3873 1723 3923 1.
1738 3855 1795 3926 Ἢ
1805 3853 1914 3946 τούτῳ

116 3977 120 3988 ’
166 3961 364 4062 μιμήσομαι,
393 3959 500 4060 ἢτην
523 3967 680 4054 Λεσβίαν
701 3968 920 4063 μιμησαμένη
944 3960 1088 4062 Scapti,
1117 3963 1182 4034 orire
1204 3963 1273 4035 cinei
1294 3965 1354 4062 τῆς
1375 3963 1555 4044 Λευκάδος
1579 3969 1720 4062 πέτρας,
1747 3945 1832 4037 ἀλλ’
1841 3961 1917 4036 'eino'

166 4073 238 4144 teir
258 4074 457 4168 Πιιραὶκῶν
478 4071 661 4167 προβόλων
684 4073 836 4172 ἕμαυτην
859 4071 908 4154 εἰς
930 4071 970 4144 τά
994 4071 1185 4145 κλυδώνιον
1207 4073 1290 4144 dua.
1318 4076 1477 4142 Ausonius
1497 4075 1653 4160 ld.6,21.
1690 4075 1738 4144 Et
1763 4077 1805 4144 de
1831 4077 1915 4143 nitu·

169 4183 253 4252 boso
277 4183 403 4250 saltum
416 4182 570 4251 Leucate
592 4185 741 4252 minatur
755 4186 919 4253 Mascula
932 4183 1111 4253 Lesbiacis
1126 4184 1267 4274 Sappho
1285 4185 1440 4274 peritura
1462 4186 1605 4277 sagittis.
1635 4185 1724 4253 Idem
1740 4187 1915 4280 Epignoa.

169 4293 250 4377 aliis,
275 4315 355 4386 quae
379 4290 537 4360 fimestum
562 4292 602 4362 oh
628 4317 767 4363 amorem
791 4321 900 4364 necem
924 4293 985 4361 sihi
1008 4293 1235 4378 consciverunt,
1260 4294 1366 4362 adiicit
1375 4295 1580 4386 fastiditum
1598 4295 1751 4372 Phaoui,·
1777 4295 1914 4364 imitatus

168 4399 305 4470 fortasse
329 4402 481 4472 Ovidium
501 4403 610 4471 Amor.
622 4404 663 4488 ll,
680 4413 729 4487 18,
743 4405 795 4471 26.
826 4403 1016 4472 Adlortem
1040 4403 1193 4488 animum,
1219 4403 1354 4473 marinae
1377 4404 1439 4473 hoc
1461 4405 1546 4474 sacto
1570 4405 1753 4499 probatum,
1778 4405 1917 4474 relertmt
2022 4395 2026 4404 ¹

169 4537 279 4581 vocem
302 4511 428 4581 Horatii
448 4513 553 4608 Epist.
567 4515 591 4598 l,
607 4530 657 4600 19,
671 4523 723 4582 28.
767 4515 946 4603 Temperat
968 4513 1165 4582 Archilochi
1186 4515 1328 4583 Musam
1354 4516 1445 4605 pecle
1471 4513 1630 4581 raruscula
1655 4515 1795 4605 Sappho
1803 4547 1816 4594 ,·
1843 4499 1927 4583 licet*

170 4623 332 4717 cogitatio,
361 4640 481 4692 tanturn
505 4625 695 4707 concedunt,
726 4622 847 4691 artificii
870 4623 986 4716 poetici
1010 4625 1157 4691 adiuncta
1181 4625 1235 4709 sit,
1266 4649 1345 4718 qnae
1370 4649 1447 4692 saue
1471 4651 1508 4691 ex
1533 4625 1688 4721 sententia
1710 4612 1820 4693 versus
1846 4623 1917 4692 sola

168 4749 276 4828 potest
302 4732 412 4802 lectori
442 4730 570 4803 oboriri.
611 4733 802 4827 Anrhigens‚
833 4747 903 4800 utra
933 4735 1087 4802 sententia
1115 4733 1220 4803 verior
1247 4734 1301 4819 sit,
1332 4732 1467 4802 Photius
1496 4733 1529 4802 in
1557 4733 1691 4802 Lexico:
1726 4731 1915 4830 Λευκάτης,
1950 4793 1955 4814 ,
