4274 5290
953 159 1168 356 ,ιι

321 563 520 658 Hephaestio
541 588 574 655 p.
590 561 643 637 64.
689 562 760 634 Kal
789 554 1002 656 τετράμετρα
1033 557 1070 628 dd
1100 554 1171 628 eiad
1191 561 1347 648 μείζονος
1373 553 1497 629 invisat
1516 555 1739 651 ἄνατᾶληκτα
1760 555 1938 655 διαφόρως

188 678 391 750 συνέθεσαν
412 676 471 744 καὶ
500 668 569 766 γαρ
593 671 705 765 τρισὶν
732 655 888 748 lorenceis
909 673 995 757 μίαν
1022 664 1212 764 τροχαϊκήν
1240 665 1303 765 τήν
1326 672 1527 738 τελευταίαν
1556 666 1744 760 ἐπήγαγον·
1778 677 1938 740 καλεῖται

188 786 218 858 τί
238 780 418 872 Αἰολικδν,
442 781 497 854 ὅτι
524 775 654 876 Sarepta*
676 779 792 868 πολλῷ
813 775 907 868 αὐτῷ
929 775 1106 874 ἐχρήσατο,
1129 777 1213 846 οἷον*

556 883 812 984 Εὑμορφοτέρα
834 892 1033 958 Μνασιδίκα
1055 886 1119 965 reis
1140 883 1279 964 ᾰααλᾶς
1299 888 1335 956 Γ
1329 889 1487 980 υρίννοος,

556 995 752 1092 ᾰσαροτίρα
774 996 836 1068 σοῦ
858 994 887 1067 d
910 993 968 1084 ἅμ’
991 993 1177 1091 ἐπώραναν
1199 997 1303 1065 σε’θεν
1329 995 1493 1084 τυχοῦσα.

319 1101 519 1180 Μνασιδίκα
532 1107 631 1176 ⁴deest
651 1106 702 1174 ed.
718 1105 800 1176 lunt.
816 1121 848 1174 et
867 1105 974 1180 multis
999 1105 1093 1174 codd.
1143 1102 1271 1172 Deinde
1296 1103 1346 1172 ed.
1369 1104 1451 1171 lunt.
1475 1105 1615 1198 γυρίνω,
1644 1101 1694 1170 ed.
1710 1097 1855 1168 Turneb.
1871 1129 1934 1190 yv-

185 1218 297 1321 pq'ree5
320 1217 390 1286 cod.
407 1216 446 1284 C.
464 1218 628 1311 γηρίντος,
652 1215 774 1283 dubitat
795 1231 900 1286 tamen
920 1211 1126 1297 Gaislordus,
1152 1237 1193 1280 au
1216 1211 1269 1280 ille
1294 1217 1423 1308 χηρίνιο
1445 1215 1504 1283 καὶ
1524 1209 1688 1290 exhibeat5
1718 1210 1789 1278 cod.
1802 1205 1846 1278 N.
1863 1207 1932 1306 ᾰρ-

185 1336 356 1426 γυρίννιο,·
384 1326 454 1394 cod.
471 1325 516 1395 Η.
540 1330 705 1419 χυρίννα,
737 1324 886 1416 idemque
906 1323 1022 1416 legitur
1041 1322 1127 1414 apud
1147 1320 1340 1412 Longinum,
1371 1321 1425 1414 qui
1451 1337 1483 1388 et
1510 1319 1580 1414 ipse
1604 1317 1719 1412 fragm.
1735 1335 1766 1402 3,
1783 1334 1815 1394 ιι.
1838 1335 1933 1386 versu

184 1439 290 1534 priore
312 1453 475 1528 tamqnam
496 1431 643 1526 exemplo
665 1435 758 1502 metri
779 1432 879 1500 lonici
902 1457 921 1500 a
943 1432 1063 1500 maiore
1085 1430 1191 1515 utitur,
1216 1429 1255 1498 de
1276 1429 1389 1498 ceteris
1412 1428 1584 1520 avulgata
1607 1429 1694 1523 apud
1717 1427 1931 1522 Hephaestio·

185 1573 259 1618 nem
273 1547 430 1638 scriptura
444 1567 510 1610 non
526 1542 729 1610 dissentiens.
773 1539 914 1633 Longini
933 1541 1005 1609 loco
1021 1538 1239 1608 Choerobosci
1254 1538 1351 1608 verba
1374 1537 1533 1635 περὶτῶν
1555 1533 1604 1617 εἰς
1627 1552 1654 1606 οἳ
1675 1538 1711 1606 in
1726 1536 1803 1608 aldi
1819 1537 1930 1606 Cornu

185 1657 294 1750 copiae
318 1682 350 1746 p.
367 1649 441 1719 268.
464 1651 592 1718 inventa
613 1650 747 1743 apponit
769 1649 933 1743 Toupius,
967 1648 1079 1742 quibus
1110 1645 1295 1742 Sapphonis
1326 1645 1505 1740 fragmento
1528 1645 1616 1718 XCl.
1639 1645 1824 1740 praemissis
1855 1645 1933 1714 haee

183 1765 237 1833 ille
253 1753 359 1832 addit:
390 1763 462 1830 Καὶ
483 1757 603 1829 πάλιν·
631 1756 885 1855 Εὐμορφοτέρα
907 1756 1066 1836 Μναίδος
1084 1761 1144 1828 καλ
1166 1755 1228 1835 τᾶς
1251 1755 1390 1835 ἁπαλοῖς
1411 1756 1583 1852 Πυρινῶς.
1629 1755 1723 1845 Quae
1748 1755 1792 1823 sic
1814 1756 1933 1848 scripta

183 1872 302 1966 reperit
329 1867 421 1936 Fulv.
445 1868 583 1940 Ursinus
614 1869 648 1936 in
679 1868 822 1959 margine
845 1867 1005 1968 epistolae*
1024 1865 1205 1936 Oridianae
1227 1866 1363 1935 Heroid.
1387 1875 1437 1934 15.
1481 1861 1650 1964 Κεφαλήν
1680 1863 1930 1962 άμορφότερος,

184 1981 356 2060 Μναίιλος,
378 1979 438 2047 καλ
451 1977 514 2056 τοῖς
536 1976 671 2056 ᾁσαλᾶς
686 1981 845 2071 Πυρίνα.
885 1973 1045 2053 Μναίθος
1068 1978 1128 2052 καὶ
1152 1991 1183 2044 et
1204 1981 1351 2069 Πυρίνιο
1373 1975 1459 2043 idem
1480 1973 1514 2044 in
1536 1975 1608 2067 ipso
1630 1972 1818 2067 Sapphonis
1837 1975 1948 2042 versu

185 2089 322 2182 scripsit,
354 2085 447 2160 simul
478 2103 584 2154 autem
609 2101 726 2170 monet,
756 2085 791 2153 in
822 2083 893 2154 cod.
908 2084 1043 2151 Fames.
1058 2081 1309 2178 Hephaestionis
1338 2086 1476 2179 Popleto
1507 2082 1579 2176 legi,
1611 2084 1697 2176 quod
1720 2108 1838 2152 nomen
1860 2109 1932 2152 cum

184 2196 321 2267 Maximi
336 2194 430 2288 Tyrii
446 2195 571 2262 dissert.
587 2193 713 2268 XXIV.
731 2192 876 2286 Gyrinna
892 2208 1066 2288 comparat.
1104 2192 1238 2261 Flexum
1253 2190 1399 2286 vocabuli
1413 2193 1536 2260 notarit
1549 2191 1657 2285 Etym.
1673 2189 1724 2258 M.
1740 2219 1774 2288 p.
1789 2207 1864 2277 94³,
1877 2203 1930 2260 51.

183 2307 344 2377 laudatum
368 2303 515 2398 Toupio:
554 2299 722 2399 I'vpcrrui,
753 2303 865 2389 ὄνομα
887 2299 1009 2397 κύριον
1031 2303 1187 2392 Λεοβίας
1206 2298 1326 2398 κόρης·
1356 2285 1490 2398 εἴρηται
1521 2297 1737 2398 παρωνύμως
1763 2297 1859 2398 napo>
1883 2297 1933 2373 ’τὸ

182 2421 334 2512 χυρίνος,
356 2411 499 2511 &aptot
516 2409 579 2486 reia
601 2412 794 2507 βάτραχον,
817 2415 851 2484 Γ
846 2408 985 2507 υριννιθ,
1009 2410 1054 2491 ὥς
1076 2417 1209 2506 ἔρατος,
1231 2408 1381 2507 Ἐρατοό,
1401 2415 1461 2482 καὶ
1482 2413 1591 2492 κλέος,
1614 2408 1716 2482 Κλεώ
1730 2415 1791 2481 καὶ
1807 2408 1930 2484 Κλειαλ.

60 2519 63 2528 ’
185 2525 308 2594 Conler
330 2521 527 2615 Hesychium
556 2548 607 2592 vv.
630 2525 664 2592 Γ
660 2519 752 2617 opycex
783 2537 814 2591 et
844 2516 999 2611 Ἐμβλῶ.
1043 2519 1226 2614 Stephanus
1249 2525 1451 2592 Μνασιδίκα
1477 2536 1509 2588 et
1532 2523 1567 2591 Γ
1563 2518 1686 2618 υρήνεο.
1734 2520 1818 2590 Cum
1835 2520 1928 2591 Tou·

186 2635 241 2730 pio
256 2633 400 2727 plerique
416 2629 603 2724 Γυριννιὸς,
627 2647 721 2714 recte,
745 2646 897 2725 quantrnn
920 2629 961 2698 ad
984 2652 1093 2699 casum
1114 2628 1259 2698 vocabuli
1279 2629 1399 2715 attinet,
1430 2646 1462 2699 et
1483 2628 1576 2698 facilc
1599 2648 1621 2703 'rt
1647 2630 1686 2698 de
1709 2631 1930 2700 terminatione

183 2739 233 2826 ἐἷς
256 2739 408 2824 excidere,
439 2755 527 2834 patet
546 2765 586 2808 ex
607 2738 714 2807 Bastii
731 2739 856 2809 Comm.
871 2737 1034 2837 palaeogr.
1050 2765 1082 2832 p.
1099 2747 1184 2821 7983
1215 2739 1254 2807 de
1285 2756 1415 2808 accentu
1443 2764 1508 2808 non
1536 2756 1605 2808 erat
1632 2740 1717 2834 apud
1737 2739 1930 2810 heolensem
2045 2783 2047 2788 ·

185 2850 343 2950 poetriam
367 2846 519 2920 librorum
542 2849 716 2923 auctoritas
740 2849 925 2918 deserenda.
972 2848 1039 2919 Sed
1060 2846 1223 2940 Volgerus
1250 2872 1308 2920 suo
1335 2848 1396 2916 sibi
1418 2851 1484 2918 iure
1514 2849 1694 2950 reposuisse
1717 2848 1840 2920 videtur
1859 2853 1930 2921 Γυ·

184 2968 317 3059 ρίννας.
362 2955 479 3027 Eidem
503 2959 590 3052 quod
613 2958 740 3053 placuit,
770 2958 933 3036 Μναίδος
954 2961 1025 3038 καλ,
1054 2955 1202 3024 vitiosum
1221 2978 1308 3042 esse,
1337 2959 1431 3026 metri
1449 2959 1532 3027 ratio
1555 2959 1595 3026 ab
1612 2957 1851 3054 Hephaestione
1874 2985 1928 3027 eu·

183 3069 292 3168 posita
323 3066 436 3160 arguit.
480 3067 518 3134 In
548 3093 641 3140 versu
667 3067 766 3136 altero
797 3091 892 3159 supra
918 3066 1081 3162 posuimus
1102 3064 1251 3147 edlunt.
1268 3064 1443 3152 lectionem,
1467 3092 1547 3162 quae
1571 3069 1683 3138 eadem
1705 3077 1755 3137 est
1777 3069 1869 3138 codd.
1885 3069 1928 3138 B.

184 3180 244 3263 Η,,
275 3176 338 3258 nisi
368 3176 454 3269 quod
482 3173 516 3246 in
547 3176 721 3270 posteriore
753 3177 897 3250 scribitur
931 3183 1088 3265 τυχοῖσα.
1135 3172 1218 3242 Cod.
1234 3171 1279 3242 N.
1302 3172 1496 3275 ᾰσαροτίρα
1523 3179 1585 3252 σοῦ
1608 3177 1637 3250 δ’
1660 3176 1719 3267 ἅμ’
1742 3177 1790 3250 e’n’
1812 3178 1928 3275 ὤρανε

185 3292 292 3366 σέθεν
313 3295 469 3377 τυχοῖσα,
492 3311 513 3354 a
537 3309 599 3378 quo
620 3285 772 3356 hactenus
797 3285 930 3353 discedit
944 3285 1093 3369 Ursinus,
1115 3300 1150 3353 ut
1173 3301 1289 3381 puncto
1310 3286 1416 3355 medio
1435 3287 1468 3357 in
1492 3289 1596 3383 prima
1618 3313 1694 3358 voce
1717 3289 1825 3383 posito
1849 3291 1926 3359 seri·

124 3446 128 3456 ·
182 3401 238 3473 bat
259 3397 309 3470 εἰτ’
331 3393 461 3491 ὠράνα,
484 3395 559 3462 dum
582 3421 598 3463 e
621 3396 691 3464 cod.
711 3395 739 3462 F
741 3419 844 3466 arnes.
864 3394 972 3489 prodit
995 3391 1042 3466 εἰτ’
1065 3392 1216 3491 ὦράναν.
1270 3395 1353 3465 cod.
1383 3393 1421 3465 C.
1444 3393 1645 3498 ἀσαρωτίρα
1672 3396 1829 3489 σουδαμιὶ
1858 3429 1929 3470 πεο-

147 3498 153 3510 ’
183 3537 278 3606 ρανα
301 3510 405 3584 σέθεν
427 3512 605 3597 τυχοῖσαν.
652 3503 844 3598 Stephanus,
872 3503 1113 3600 ᾰσσαροτίρας,
1146 3503 1218 3576 οὐδ’
1237 3505 1313 3597 ἅμα
1336 3502 1608 3602 adparentes
1630 3518 1809 3599 τυχοῖσαν.
1853 3509 1927 3578 Pri·

183 3642 271 3688 mum
301 3616 368 3684 eius
397 3637 507 3682 versus
532 3612 718 3684 vocabulum
748 3611 887 3681 illustrat
912 3613 1113 3684 Scholiasta:
1148 3612 1198 3684 To*
1217 3607 1363 3712 ἇῖαῖοτε
1383 3615 1540 3714 δεύτερος
1563 3624 1690 3690 παίων·
1712 3623 1928 3694 συστέλλουσι

121 3786 124 3796 ,
182 3724 249 3820 peip
271 3731 305 3794 οἱ
325 3718 463 3803 Αίολεῒς
480 3720 522 3796 ro
544 3735 578 3803 ἅ,
593 3723 637 3800 ὠς
657 3723 696 3795 ἕν
710 3723 758 3812 aqi
781 3720 842 3820 Μή
859 3720 894 3814 μ’
909 3721 1025 3798 ἄσαισι
1042 3721 1122 3818 μηδ’
1143 3721 1283 3798 ἀνίαισι.
1329 3725 1405 3815 Quo
1429 3727 1608 3797 testimonio
1624 3729 1672 3796 usi
1689 3753 1797 3800 sumus
1812 3732 1846 3800 iu
1859 3732 1884 3817 Ι,
1895 3749 1926 3802 a.

184 3833 342 3927 Negleeta
354 3832 508 3900 secundae
522 3831 662 3926 syllabae
677 3831 970 3900 mensuraUrsinus
987 3832 1186 3925 etVolgerus
1205 3835 1481 3904 derivantaverbo
1497 3843 1614 3934 σαίρω,
1631 3862 1782 3932 suumque
1796 3838 1927 3938 ἆσαρος

181 3945 433 4036 interpretantur,
449 3940 483 4006 in
495 3964 559 4032 quo
573 3941 743 4008 naturalis
755 3941 847 4024 insit,
864 3941 1080 4033 nonsucatus
1095 3941 1193 4009 nitor.
1218 3941 1356 4036 Reliqua
1367 3961 1537 4038 antequam
1553 3947 1757 4039 corrigantur,
1774 3975 1925 4043 quaeren-

183 4053 258 4120 dum
279 4064 337 4132 est,
359 4064 464 4117 utrum
479 4047 563 4144 apud
577 4047 784 4144 Sapphonem
799 4074 944 4122 versuum
958 4051 1090 4118 istorum
1105 4052 1185 4118 alter
1200 4049 1334 4120 alterum
1349 4055 1513 4148 exceperit,
1539 4079 1581 4123 an
1597 4054 1683 4124 nullo
1700 4061 1925 4131 sententiarum

182 4187 264 4234 nexu
285 4147 483 4232 cohaereant.
533 4155 605 4224 Etsi
629 4175 733 4234 antem
755 4158 955 4254 Hephaestio
979 4159 1143 4252 aliquoties
1165 4161 1227 4230 duo
1250 4161 1392 4230 eiusdem
1413 4165 1506 4244 metri
1525 4165 1670 4258 exempla
1686 4168 1853 4256 coniunxit,
1876 4173 1923 4240 in·

182 4288 230 4344 rer
253 4292 333 4362 quae
357 4263 444 4338 nulla
468 4265 734 4359 animadvertatur
757 4268 982 4348 sententiarum
1003 4267 1191 4354 communio,
1216 4285 1288 4339 suut
1311 4287 1476 4342 tamenca
1499 4271 1565 4354 lere
1590 4272 1675 4359 talia,
1700 4301 1780 4368 quae
1801 4279 1925 4374 singula

183 4373 262 4452 alius
289 4375 411 4449 formae
441 4374 583 4442 versibus
613 4375 880 4449 admiscebantur:
912 4376 1025 4470 quihus
1055 4403 1094 4446 ex
1124 4379 1232 4452 metris
1261 4380 1409 4452 rurivcrsa
1429 4373 1568 4454 carmina
1590 4386 1768 4480 composita
1788 4389 1923 4475 ridebat,

184 4514 291 4564 eorum
313 4487 341 4556 si
363 4485 470 4582 plures
495 4507 605 4552 versus
627 4483 787 4570 adscribit,
818 4487 982 4556 continuos
1006 4487 1082 4557 dare
1104 4489 1195 4558 solet.
1239 4490 1381 4576 Accedit,
1405 4515 1467 4585 quo
1490 4517 1635 4562 versuum
1655 4511 1836 4566 nostrorum
1849 4523 1924 4570 con·

183 4597 315 4672 tinuatio
335 4594 552 4678 confirmetur„
574 4593 660 4686 quod
683 4609 812 4685 uterque
836 4596 943 4690 incipit
967 4619 987 4668 a
1010 4597 1235 4694 comparativo,
1264 4617 1296 4670 et
1320 4625 1431 4670 eorum
1442 4601 1614 4686 nominum,
1638 4629 1716 4697 quae
1731 4629 1797 4674 non
1818 4608 1925 4704 inepte

183 4708 264 4783 inter
288 4731 322 4778 se
345 4704 456 4777 referri
479 4701 647 4800 potuerint.
691 4701 878 4776 formosior
908 4707 1108 4800 praedicatur
1138 4709 1245 4803 puella
1275 4709 1431 4805 quaedam
1463 4733 1558 4804 quam
1586 4712 1649 4782 alia
1671 4714 1752 4784 inter
1774 4719 1924 4812 aequales

2130 1331 2133 1402 ρ
