4274 5290
999 161 1107 297 'ss

161 446 165 455 ·
200 437 295 482 versu
316 410 460 508 potuine
483 408 639 481 concludi.
678 410 861 482 Genitivum
880 409 1078 541 ἀμβροσίας
1098 427 1245 481 construe
1267 435 1339 482 cum
1362 411 1460 480 verbo
1475 412 1718 508 aesculapium,
1740 425 1774 480 ut
1788 409 1951 484 Homerus

201 519 325 616 Odyss.
316 549 373 612 ..γ
390 531 466 602 390.
487 529 560 601 τοῖς
578 520 598 591 ὁ
603 521 734 618 γέρων
753 519 962 592 ε’λθούοιν’
939 517 1011 593 ανά
1031 517 1189 619 κρητῆρα
1212 523 1396 655 κέρασσεν
1400 527 1499 592 οἴνου
1518 518 1715 614 ἡδυπότοιο,
1744 521 1779 589 id
1798 536 1847 590 est
1866 550 1953 620 κρη-

198 628 288 755 τὴροι
311 627 520 725 (ἐνεκέρασεν
536 635 650 718 οἴνου,
675 645 707 700 et
720 652 769 699 vs.
785 645 860 711 393.
884 631 947 702 τού
965 661 985 702 ο
1008 635 1117 728 γέρων
1133 630 1290 728 κρὴτὴρο
1310 627 1511 727 κεράσσατο.
1555 629 1656 699 Metri
1681 645 1851 726 supersunt
1870 631 1952 700 indi·

201 740 257 811 cia
265 738 470 809 chonamhici
485 763 556 809 cum
570 731 732 809 anacrusi.
748 739 814 808 eius
830 738 933 832 gratia
943 738 1107 833 Volgcrus
1118 738 1302 833 legebat'
1256 767 1418 836 κεκροτο,
1433 737 1644 878 Blomfieldus
1659 741 1801 822 θεοῖς
1773 742 1844 812 erice
1834 740 1952 812 iubet.

231 1111 233 1116 ·
333 1067 496 1138 Maximus
520 1067 640 1162 Tyrius
664 1067 790 1136 dissert.
811 1064 937 1136 XXIV
985 955 1197 1157 Ilii'lilialdi'
1177 1068 1313 1158 ε’πιτιμρι
1296 1062 1465 1195 ’Σαπφιὴ
1488 1069 1618 1164 Γοργοῖ
1642 1071 1703 1139 κοι
1723 1067 1953 1166 ’,Ανδρομέδρι

199 1176 268 1249 νύν
295 1177 334 1250 δέ
355 1180 490 1270 ἐλέγχει
517 1177 634 1249 καὶ’
598 1173 817 1272 ειρωνεύεται
838 1175 931 1248 αύτα
951 1179 1071 1248 ἕκεινα
1095 1205 1141 1248 τα
1132 1172 1377 1272 Σωκράτους.
1416 1171 1479 1247 cdv
1493 1177 1604 1248 Ἴωνα
1630 1181 1784 1273 χαίρειν,
1808 1181 1955 1277 φησίν’
1934 1210 1954 1250 ο

200 1283 405 1383 Σωκράτης·
439 1285 567 1358 Πολλά
588 1315 649 1377 μοι
668 1282 736 1357 τάν
760 1282 1013 1366 Πολυάνακτος
1033 1292 1144 1358 παῖδα
1164 1291 1313 1383 χαίρειν,
1343 1283 1473 1384 Σαπφώ
1493 1290 1590 1378 λέγει

330 1396 479 1466 Mutum
496 1395 606 1463 valere
615 1395 687 1464 Pol
676 1395 840 1488 γοπασίίσ
852 1395 971 1487 filiam
988 1395 1098 1464 iubeo.
1135 1393 1290 1463 Davisius
1306 1419 1345 1462 ex
1359 1396 1430 1465 oud.
1448 1393 1637 1464 Harlei.
1591 1425 1659 1468 ταν
1677 1401 1954 1468 Πολοανακιίδα

199 1511 320 1577 παῖδα.
353 1504 536 1602 Stephanus
559 1518 591 1573 et
605 1502 744 1573 Ursinus
766 1501 829 1576 τύν
847 1501 1101 1584 Πολοάνοκτος
1117 1511 1236 1576 παῖδα.
1270 1502 1339 1572 Illis
1356 1503 1461 1573 verbis
1484 1504 1572 1574 initio
1591 1505 1677 1574 louis
1696 1505 1856 1575 Platonici
1874 1505 1952 1580 nihil

199 1615 263 1682 nisi
277 1615 388 1684 Ionem
410 1613 634 1683 advenientem
656 1612 773 1681 salutat
788 1613 959 1684 Socrates·
982 1612 1116 1708 Sappho
1138 1613 1229 1682 istius
1251 1612 1392 1682 mulieris
1415 1612 1664 1683 familiaritatem
1685 1613 1765 1682 nihil
1786 1639 1823 1683 se
1843 1639 1954 1683 curare

198 1723 321 1792 indicat
348 1738 506 1818 potestate
528 1722 595 1791 eius
619 1719 765 1790 dictionis
787 1721 914 1791 usitata.
958 1723 1060 1812 Λέγω
1088 1721 1262 1791 subiectum
1283 1719 1383 1790 fuisse
1412 1723 1561 1818 opinatur
1581 1721 1812 1793 Blomlieldus.
1845 1737 1957 1794 verum

165 1869 168 1874 v
200 1832 248 1900 sic
270 1857 336 1900 non
358 1847 485 1927 poterat
504 1860 566 1920 μοι
588 1830 674 1900 addi.
710 1830 822 1925 Itaque
844 1829 1042 1900 accusativus
1066 1855 1136 1900 cum
1158 1829 1311 1898 infinitivo
1333 1831 1497 1900 absolutus
1521 1847 1599 1901 erat.
1637 1833 1725 1901 Hinc
1748 1847 1874 1926 sumpta
1895 1858 1954 1926 pu·

199 1957 271 2010 tant
284 1940 401 2010 Iuliani
415 1939 513 2010 verba
526 1939 634 2034 Epist.
645 1939 699 2008 60.
726 1943 843 2036 Χαιρε
857 1939 896 2013 δέ
915 1943 976 2012 καὶ
989 1935 1097 2020 αύτος
1115 1939 1201 2038 ἡμιν
1219 1935 1340 2026 πολλά,
1365 1937 1530 2043 καθάπερ
1549 1937 1679 2038 ἡκολὴ
1698 1941 1831 2040 Σοιιφσύ
1843 1969 1954 2040 φησιν.

331 2271 494 2341 Maximus
511 2270 631 2366 Tyrius
655 2271 781 2341 dissert.
796 2267 922 2340 XXIV.
957 2269 1031 2342 Τόν
1047 2266 1192 2367 Ἔρωτά
1213 2297 1318 2368 φησιν
1339 2269 1523 2368 ἡΔιοτίμα
1545 2265 1594 2362 roi
1608 2267 1786 2366 Σωκράτει
1807 2266 1850 2340 ού
1873 2277 1950 2340 nat·
2009 2307 2011 2312 ·

199 2387 254 2464 δα,
275 2378 571 2453 ἀλλ’ᾰκόλοοδον
593 2379 653 2479 τῆς
665 2378 876 2478 Ἀφροδίτης
896 2383 957 2451 καί
978 2376 1182 2476 θεράποντα
1203 2377 1308 2452 εἶναι·
1335 2381 1427 2471 λέγει
1448 2407 1517 2452 που
1537 2383 1599 2452 καὶ
1614 2385 1756 2477 Σαπφοῖ
1774 2379 1798 2469 ἡ
1818 2374 1951 2475 Ἀφρο-

200 2493 276 2584 δίτὴ
299 2493 340 2564 ἐν
360 2487 503 2583 ᾄσματι·
534 2489 586 2562 Σύ
607 2507 643 2561 τε·
666 2487 771 2571 καλάς
792 2486 1102 2586 θεράιων.”Ερως.

330 2599 462 2670 Dictum
476 2598 640 2670 Diutimae
661 2597 761 2668 habes
784 2599 819 2668 in
832 2597 981 2668 Platonis
998 2597 1154 2668 Convivis
1176 2623 1211 2694 p.
1227 2611 1301 2670 203.
1317 2625 1345 2670 c.
1374 2597 1498 2680 Veneri
1519 2599 1617 2668 modo
1639 2622 1657 2668 e
1679 2597 1761 2668 mari
1781 2599 1952 2694 prodeunti

199 2707 347 2778 couritem
377 2709 467 2779 addit
491 2709 646 2778 Amorem
667 2707 831 2778 Hesiodus
862 2705 991 2802 Theog.
1012 2721 1088 2776 201.
1133 2705 1256 2776 Confer
1280 2707 1395 2802 fragm.
1417 2707 1574 2779 CXXIV.
1619 2706 1658 2778 Si
1686 2730 1761 2776 vero
1788 2705 1951 2778 Maximus

199 2819 341 2914 scripsit,
363 2821 454 2910 λέγει
475 2824 633 2917 Σαπφοῖ,
663 2817 820 2888 secundae
841 2840 998 2920 personae
1019 2840 1215 2913 pronomen,
1243 2817 1286 2886 ad
1308 2817 1518 2914 Sapphonem
1539 2817 1689 2902 relatum,
1716 2839 1814 2912 prave
1836 2817 1950 2886 eodem

200 2951 277 2998 casu
299 2951 362 3023 quo
384 2952 501 2998 nomeu
517 2924 637 3024 Ἔρως
663 2926 836 3022 profertur,
869 2951 966 3021 qnare
993 2949 1059 2996 non
1087 2926 1287 2995 incommodo
1310 2926 1449 2997 Ursinus
1476 2953 1509 3022 p.
1525 2941 1600 3010 29³.
1628 2925 1799 3020 legendum
1826 2924 1952 2996 coniicit

197 3043 258 3110 σοί
272 3066 327 3110 re.-
354 3037 493 3130 Τι’ύίριιο
509 3037 656 3127 pulcher
659 3035 825 3130 famulus
846 3038 962 3106 Amor.
1007 3037 1062 3106 Au
1083 3030 1127 3108 ού
1149 3035 1298 3105 Aeolium
1318 3052 1368 3105 est
1389 3059 1448 3131 pro
1470 3035 1594 3130 vulgari
1616 3038 1672 3109 σοί
1694 3035 1866 3105 secundum
1886 3034 1954 3120 illa,
1987 3111 1997 3120 ,

199 3169 280 3240 quae
302 3147 345 3214 ad
359 3145 385 3232 1,
401 3155 432 3214 5.
455 3145 601 3242 exposite
623 3146 730 3216 sunt?
744 3141 968 3216 Nominatiuus
990 3161 1025 3216 ut
1045 3145 1151 3214 locum
1173 3160 1305 3232 tueatur,
1328 3146 1530 3239 cogitandum
1545 3145 1615 3232 erit,
1637 3146 1727 3236 λέγει
1742 3143 1840 3240 παρά
1858 3147 1952 3216 Σοπ·

199 3263 272 3352 poi.
315 3254 384 3325 Pro
401 3257 521 3354 Ἔρως
542 3253 752 3326 Blomlieldus
775 3255 871 3328 scribi
892 3255 1013 3339 mavult
1027 3255 1150 3353 Ἔρος.
1880 3291 1882 3298 ’

181 3639 185 3651 .
334 3583 517 3654 Scholiasta
539 3584 766 3680 Aristophanis
788 3583 876 3653 Plut.
890 3597 967 3668 729.
995 3583 1220 3676 Ἡγατύβιον·
1253 3582 1334 3656 α’ντὶ
1354 3584 1425 3678 ιτού
1447 3580 1649 3682 σουδάριον,
1681 3579 1792 3678 ῥάκος
1813 3583 1951 3679 ἡμιιρι·

196 3691 262 3785 βδς
278 3694 402 3767 λινούν
423 3723 466 3782 τι,
489 3694 565 3767 οἷον
582 3697 778 3786 ἐκμαγεῖον.
809 3698 869 3766 καί
883 3691 1031 3792 Σοπφά·
1052 3691 1263 3789 Ἡμιτύβιον
1285 3692 1497 3766 στολάσσον,
1523 3694 1743 3791 ἡδίκροσσον
1755 3689 1949 3790 φοκιύλιον.

330 3802 370 3876 ln
392 3803 462 3872 aliis
485 3801 575 3873 libris
604 3819 636 3874 et
656 3801 882 3897 Aristophanis
909 3819 942 3872 et
963 3803 1171 3898 complurium
1193 3802 1385 3898 scriptorum
1406 3801 1471 3896 legi
1491 3796 1717 3896 p‘pezn'pesscor¹
1732 3801 1826 3872 docet
1847 3801 1950 3872 Hem·

199 3911 387 3998 stcrhusius,
411 3913 465 4006 qui
478 3912 606 3984 Polluci
628 3912 809 4000 assentitur,
830 3911 908 3999 Vll,
927 3912 977 4000 16,
992 3929 1045 3998 71.
1068 3912 1260 4010 Aegyptium
1283 3911 1470 4000 vocabulum
1492 3935 1563 3980 esse
1585 3910 1768 3981 affimant„
1809 3910 1951 4001 Ἡμιιύ·

198 4026 284 4116 βιον
305 4021 402 4091 hahet
423 4021 575 4107 Photius,
596 4020 815 4116 ἡμιτύμβιον
837 4021 996 4092 Zonaras.
1040 4021 1137 4091 Pn'or
1158 4046 1235 4119 pars
1258 4020 1428 4116 compositi
1445 4019 1603 4105 nominis,
1631 4044 1727 4114 quarn
1748 4019 1793 4090 ita
1814 4019 1951 4117 explicat

198 4129 310 4202 Schol.
325 4131 433 4200 Paris.
461 4125 651 4232 ἡμιτύβιον
679 4131 720 4204 τύ
746 4137 782 4220 ἐξ
803 4135 959 4225 ἡμισείας
987 4130 1053 4226 τὴν
1073 4129 1229 4230 κεραλὴν
1251 4129 1438 4216 καλύπτον,
1470 4130 1513 4199 ad
1534 4129 1720 4199 brevitatem
1743 4129 1831 4199 lintei
1852 4129 1949 4224 penti·

195 4256 261 4326 not,
291 4257 325 4309 ut
345 4240 379 4309 in
401 4241 580 4310 nominihus
602 4239 805 4340 ἡμιφάριον,
835 4244 1099 4333 ἡμιδιπλοίδιον,
1129 4238 1387 4341 ἡμιφωσάνιον.
1434 4240 1501 4310 Sed
1522 4238 1784 4309 Hemsterhusius
1807 4236 1948 4334 postulat

194 4347 385 4442 ἡμιτύβιον
407 4347 611 4437 στολάσσον,
639 4351 780 4418 linteum
800 4351 937 4438 stillans
962 4353 1017 4420 vel
1035 4352 1169 4437 sudore,
1195 4353 1251 4420 νιί
1268 4349 1445 4442 sauguine,
1470 4350 1526 4418 vel
1545 4349 1708 4434 lacrimis,
1731 4370 1818 4441 quas
1840 4347 1948 4415 delen

196 4483 259 4529 sas
281 4459 456 4529 hausemt.
500 4456 707 4552 Ἡμιτύβιον
730 4456 930 4532 στολάσσων
950 4475 1058 4557 potest
1079 4469 1164 4546 ess'e,
1189 4461 1248 4529 cui
1267 4460 1407 4527 linteum
1429 4459 1561 4550 affluat,
1588 4475 1623 4528 ut
1645 4458 1730 4554 apud
1752 4451 1948 4552 Sophoclem

196 4565 395 4640 Laocoontis
418 4569 535 4664 fragm.
551 4585 582 4640 3.
605 4569 645 4640 de
667 4567 810 4639 Anchise
832 4586 891 4657 est,
914 4567 1029 4644 νάιον
1052 4565 1312 4656 καταστάζοντα
1332 4565 1502 4663 βύσσινον
1524 4565 1646 4668 φάρος.
