4242 5300
960 261 1175 396 ‚gt—

190 490 340 587 Dionysii
370 485 522 587 eiremplis
550 515 616 558 uon
645 489 757 558 melius
786 488 879 584 nipe
905 487 1008 587 d’cip’.
1059 489 1143 560 Cod.
1161 490 1300 560 Monac.
1329 488 1421 584 αἶψα
1450 487 1484 562 δ’
1499 487 1670 591 repono.
1722 492 1805 562 Mox
1835 516 1944 564 serva·

190 604 291 673 vimus
325 603 477 669 librorum
510 601 696 693 scripturam
729 597 771 671 cri
808 598 847 684 δ’,
894 624 1088 695 quamquam
1128 617 1160 670 et
1192 626 1240 669 vs.
1273 616 1326 682 27.
1361 618 1393 670 et
1426 599 1541 694 fragm.
1571 600 1709 670 LXXII.
1748 601 1791 674 ori
1825 604 1945 698 reperi-

189 729 256 797 tur,
286 735 352 780 uon
375 735 436 804 quo
460 710 615 805 poetriam
637 709 775 777 formam
797 710 942 778 vocabuli
964 711 1106 780 variasse
1132 735 1334 796 censeamus,
1358 711 1414 779 sed
1437 712 1523 804 'quod
1546 735 1660 804 parum
1680 728 1819 798 constat,
1842 730 1946 782 utrum

190 822 282 892 alteri
304 820 560 914 anteponendum
583 820 634 887 sit.
680 815 760 888 Non
782 820 866 887 cuim
888 820 1089 889 succurrebat
1111 819 1317 914 Apollonius,
1344 819 1430 889 cuius
1453 837 1639 914 praecepto,
1670 822 1709 891 de
1732 821 1889 890 Pronom.
1911 850 1946 917 p.

193 932 265 1017 106,
286 928 350 1028 τήν
373 929 409 1000 ud
429 928 514 1025 πρός
535 927 676 1001 πάντων
697 929 786 1001 εἶναι
807 925 939 1028 κοινήν,
965 929 1103 1024 exceptis
1127 929 1205 998 solis
1223 929 1446 1014 Doriensibus,
1470 930 1582 1024 quibus
1602 937 1630 1004 ἶ
1651 939 1755 1024 pro?
1776 932 1810 1000 in
1827 957 1946 1026 prono·

189 1042 325 1110 minibus
347 1056 534 1133 usurpatum
556 1039 652 1107 etiam
675 1067 707 1134 p.
733 1053 806 1116 101.
830 1038 952 1124 tribuit,
986 1029 1099 1107 moniti
1122 1063 1261 1124 sumus„
1280 1065 1320 1107 ne
1344 1039 1383 1108 de
1406 1039 1586 1108 accusativo
1608 1041 1708 1134 pluris
1733 1066 1829 1136 quam
1851 1042 1948 1111 fidem

189 1152 332 1223 codicum
360 1150 599 1217 aestimaremus
627 1149 916 1218 recentissimorum
939 1149 1228 1218 Grammaticomm
1257 1149 1489 1234 anctoritatem,
1525 1150 1578 1243 qui
1606 1150 1724 1219 Aeoles
1755 1175 1879 1245 quoque
1907 1151 1948 1224 τὲ

190 1261 357 1355 scripsisse
380 1259 509 1327 vellent.
556 1256 664 1346 Quum
688 1273 793 1327 autem
821 1283 924 1327 aecus.
947 1259 1097 1328 Aeolicus
1121 1259 1162 1327 sit
1183 1259 1242 1346 nd,
1280 1259 1403 1327 dativus
1427 1259 1476 1329 sui
1499 1275 1644 1329 accentus
1674 1264 1743 1343 σοὶ,
1776 1259 1947 1330 inclinatus

188 1375 257 1455 rol,
283 1368 370 1438 velut
391 1368 506 1462 fragm.
529 1366 606 1434 VH.
630 1392 731 1462 neque
754 1369 925 1460 genitivum
946 1375 975 1441 ἶ
993 1373 1156 1436 assumere
1179 1383 1329 1436 testatum
1352 1370 1408 1452 sit,
1433 1369 1471 1438 de
1495 1368 1689 1437 nominativo
1714 1393 1838 1464 quoque
1860 1371 1948 1439 Aeo·

190 1481 237 1550 les
268 1506 339 1548 cum
362 1479 492 1546 lenibus
521 1476 687 1546 concinere
714 1477 865 1572 opineris.
909 1477 948 1546 ln
976 1478 1117 1562 oratione
1142 1477 1345 1572 Megarensis
1374 1476 1511 1547 hominis
1540 1501 1593 1572 ap.
1616 1479 1781 1574 Aristoph.
1805 1478 1947 1562 Acham

189 1598 266 1675 78³.
282 1596 359 1672 735.
382 1585 455 1655 libri
477 1584 529 1658 ου’.
575 1583 698 1654 Confer
721 1610 801 1679 quae
825 1587 1045 1655 annotavimus
1069 1586 1108 1655 de
1131 1585 1247 1681 fragm.
1267 1586 1377 1656 XXV.
1424 1585 1488 1658 Vs.
1513 1596 1563 1655 15.
1586 1587 1779 1674 Brunclrius,
1808 1615 1877 1659 non
1898 1588 1947 1657 l-

189 1724 263 1768 reus
294 1695 485 1765 adversandi
508 1695 669 1780 voculam,
705 1695 830 1790 scripsit
857 1694 929 1766 ὅττι
951 1693 980 1785 γ’
998 1692 1056 1794 ἦν,
1085 1695 1296 1764 Blomlieldus
1326 1697 1440 1764 eadem
1463 1698 1502 1766 de
1527 1721 1644 1765 caussa
1666 1695 1739 1770 ὄττι
1758 1695 1786 1769 τ’
1803 1693 1856 1798 ἦν.
1899 1699 1945 1767 Α1

192 1807 310 1878 Graeci
332 1821 366 1872 ut
389 1804 526 1899 quotidie
550 1805 722 1874 audiebant
745 1806 853 1898 quaeri
874 1811 913 1876 sl
930 1804 1077 1891 d'e'brtr,
1102 1807 1146 1874 ita
1169 1807 1273 1875 eidem
1295 1806 1467 1900 particulae
1490 1807 1523 1874 iu
1547 1806 1676 1900 obliqua
1699 1807 1946 1902 interrogatione

188 1918 295 1987 locum
316 1915 446 1983 dabant.
474 1914 596 1983 Herod.
611 1914 657 1999 V,
676 1929 725 1982 13.
749 1916 769 1985 ὁ
791 1913 820 1985 δ’
832 1912 1014 2006 opertam,
1038 1921 1130 1996 τίνες
1152 1916 1191 1988 de'
1213 1923 1251 1986 οἱ
1269 1921 1425 1994 Παίονες
1445 1916 1634 2012 ἄνθρωποί
1652 1913 1716 1988 sc'uc
1731 1969 1739 1988 .
1756 1969 1764 1986 .
1779 1925 1813 1987 ..¹
1833 1921 1893 1988 nal
1913 1921 1952 1988 τί

190 2035 299 2098 κεῖνοι
321 2027 504 2103 ἐθέλοντες
525 2029 667 2094 ἔλθοιεν
688 2027 724 2104 ἐς
746 2022 881 2120 Σάρδις.
915 2024 1079 2118 Aristoph.
1097 2025 1234 2094 Acham.
1251 2041 1283 2103 b.
1306 2023 1379 2122 φέρ’
1396 2033 1473 2114 ἴδω,
1496 2032 1534 2096 τί
1552 2023 1580 2098 δ’
1595 2027 1679 2124 ἡμῖν
1701 2024 1840 2116 τοῦνομ’
1853 2033 1948 2098 ἔσται

189 2135 232 2234 τῇ
250 2132 353 2206 πόλει.
387 2130 463 2202 Nisi
481 2131 562 2201 forte
581 2159 664 2202 nunc
686 2128 773 2231 d‘riv
794 2159 832 2201 ex
851 2131 934 2202 crasi
954 2135 1122 2202 verbomm
1145 2131 1187 2232 δή
1206 2129 1249 2234 ἦν
1271 2151 1374 2201 ortum
1395 2151 1454 2203 est.
1489 2135 1570 2204 Mox
1591 2135 1664 2204 libri
1684 2137 1804 2230 vulgati
1822 2137 1946 2229 Diony·

190 2247 320 2315 siiscum
333 2242 501 2338 Stephano
523 2259 554 2310 et
572 2243 694 2311 Ursino
715 2243 818 2338 deripe
833 2251 984 2332 καλοῖμι.
1016 2243 1099 2314 Cod.
1116 2241 1373 2339 Monaedeu'po
1388 2242 1537 2342 κάλημιι
1560 2245 1662 2342 δεῦρο
1684 2247 1779 2314 etiam
1794 2271 1832 2314 ex
1847 2245 1963 2314 anth.-

190 2356 319 2426 Veueta
338 2351 550 2420 Blomlieldus
573 2368 714 2420 annotat.
755 2351 897 2420 Vossius
921 2351 985 2449 ‹lq'r
1006 2383 1043 2425 re
1065 2351 1232 2448 κάλημμι,
1257 2353 1343 2446 quod
1366 2355 1497 2422 totidem
1517 2355 1628 2424 litteris
1651 2355 1748 2450 offert
1769 2355 1839 2424 cod.
1862 2353 1946 2449 Reg.

181 2483 233 2552 .t.,
256 2489 314 2532 nec
335 2461 399 2529 nisi
417 2460 479 2528 levi
501 2461 534 2529 in
555 2486 589 2529 re
614 2461 797 2557 discrepant
818 2461 887 2530 cod.
905 2461 999 2531 Colb.
1020 2479 1052 2531 et
1066 2463 1186 2548 Aldus,
1209 2463 1262 2532 ille
1284 2460 1369 2563 dcp'r,
1392 2463 1444 2533 hic
1464 2462 1504 2536 δι’
1518 2464 1562 2562 ἦν
1584 2481 1716 2533 testans.
1752 2464 1863 2555 Quum
1882 2463 1947 2565 δῆν

190 2600 257 2646 11011
269 2574 336 2641 sine
349 2593 465 2638 caussa
477 2570 667 2665 displiceret,
675 2569 863 2656 Bruuclrius,
875 2570 1098 2657 Schneiderus,
1110 2573 1331 2658 Blomfreldus,
1340 2573 1503 2642 lacobsius
1517 2574 1743 2644 substituerrmt
1753 2573 1806 2674 δὴ,
1821 2574 1945 2669 Volgo·
2020 2577 2022 2582 ’

190 2710 244 2754 rus
258 2680 350 2782 dvi’r,
373 2678 602 2780 ἱοι1οοδήἆν
623 2679 724 2748 audiri
743 2681 838 2749 iubet.
872 2680 1046 2751 Praeterea
1068 2683 1102 2750 in
1126 2682 1252 2752 dialecti
1275 2683 1486 2756 constantiam
1508 2701 1619 2778 peccat
1638 2685 1686 2772 τὲ,
1710 2685 1796 2754 cuius
1816 2687 1888 2754 loco
1907 2685 1946 2758 od

192 2796 346 2866 dederunt
364 2789 552 2874 Bruuclcius,
576 2788 803 2876 Schneidcrus,
826 2789 1001 2885 Volgerus.
1047 2793 1114 2863 Sed
1138 2789 1213 2891 thir,
1237 2793 1390 2862 librorum
1410 2794 1472 2862 fide
1494 2794 1729 2878 confirmatum,
1754 2821 1849 2888 quum
1870 2821 1945 2864 eun·

193 2907 266 2976 dem
290 2926 404 2970 sonum
427 2901 485 2969 sub
508 2901 621 2982 eodem
640 2901 829 2995 pronomine
853 2899 1081 2988 ὅ,τι11[11111,
1105 2903 1174 2996 quis
1199 2902 1262 2972 alio
1284 2904 1460 2998 significatu
1480 2904 1629 3000 accipiat,
1654 2929 1750 2997 quam
1769 2929 1831 3000 quo
1853 2931 1946 2974 versu

193 3013 338 3110 proximo
361 3012 476 3078 lectum
498 3009 569 3078 est?
609 3010 680 3076 Iure
702 3011 797 3104 igitur
817 3007 901 3108 δ’ἦν
924 3012 1064 3080 scribunt
1083 3012 1145 3082 hoc
1166 3038 1289 3107 quoque
1312 3014 1383 3083 loco
1398 3014 1571 3098 Baxterus,
1594 3012 1759 3099 wolfius,
1790 3015 1859 3083 alii:
1890 3015 1945 3084 illo

192 3124 330 3222 probato
350 3115 393 3190 cd
414 3119 628 3188 necessarium
651 3143 739 3206 esse,
767 3121 888 3214 primus
916 3121 1068 3189 intellexit
1092 3122 1308 3192 Hermanuus.
1353 3123 1506 3192 Fomram
1529 3124 1660 3219 κάλημι
1684 3124 1818 3192 restituit
1839 3124 1944 3195 Brun-

193 3234 291 3307 clrius.
325 3229 389 3300 Vs.
409 3245 459 3312 ¹7·
480 3253 546 3296 uon
562 3228 670 3322 agnita
691 3228 924 3323 synecphouesi
939 3231 1046 3325 plures
1072 3232 1269 3326 apostrophe
1291 3233 1340 3300 usi
1362 3250 1444 3319 sunt,
1466 3234 1555 3328 peius
1572 3233 1679 3304 Faber
1699 3232 1727 3325 γ’
1748 3233 1946 3328 interposuit.

195 3345 320 3415 Ibidem
348 3365 420 3408 cum
443 3337 609 3432 Stephano
632 3355 663 3407 et
684 3339 804 3408 Ursino
827 3339 1003 3410 Brnuclrius
1033 3341 1148 3434 aliique
1174 3340 1307 3432 μάλιστ’
1327 3345 1457 3426 ἐθέλω,
1486 3343 1727 3415 111ἐθέλοιοαν
1749 3359 1946 3424 11111111

193 3454 251 3525 sed
271 3455 393 3523 θέλετε
417 3465 448 3516 et
469 3450 566 3518 θέλω
589 3447 708 3516 habeut
731 3450 866 3543 Sappho
888 3449 1002 3544 fragm.
1024 3450 1133 3519 XVll.
1156 3469 1187 3520 et
1208 3452 1345 3522 Alcaeus
1365 3453 1398 3521 in
1420 3454 1563 3523 versibus
1585 3453 1635 3539 iis,
1659 3454 1700 3521 ad
1724 3479 1803 3548 quos
1822 3451 1947 3525 Nostra

195 3561 311 3655 fragm.
334 3559 424 3630 LXI.
448 3558 630 3652 respondet.
676 3557 802 3627 Versus
828 3560 962 3652 proximi
987 3585 1007 3628 a
1028 3561 1134 3629 multis
1159 3562 1244 3630 varie
1270 3563 1379 3632 tentati
1402 3580 1488 3649 suut,
1517 3589 1537 3633 a
1559 3563 1684 3632 nemine
1708 3565 1752 3632 ita
1775 3566 1946 3652 constituti,

194 3689 229 3741 ut
251 3670 353 3739 omnis
377 3668 528 3738 dubitatio
550 3667 696 3761 praecisa
718 3669 774 3736 sit:
805 3686 999 3763 quapropter
1021 3696 1116 3764 supra
1139 3673 1291 3740 Aldiuam
1313 3673 1479 3742 lectionem
1501 3673 1674 3768 posuimus.
1719 3674 1869 3768 Plerique
1892 3703 1945 3746 ve·

194 3798 275 3851 teres
297 3777 370 3846 libri
391 3779 482 3848 editi:
510 3784 590 3850 τίνοι
613 3775 642 3850 δ’
657 3773 731 3849 εὖτε
756 3777 923 3868 πύθωμαι
944 3781 1149 3877 001111νεῦ001
1170 3782 1351 3880 φιλότητος
1373 3781 1399 3854 u'
1419 3779 1447 3853 ὦ
1467 3783 1610 3881 Σαπφώ,
1643 3789 1751 3880 δίκην.
1797 3785 1945 3872 UrsinuS,

196 3887 389 3983 Stephanus,
411 3887 546 3956 Portus:
568 3895 648 3959 τίνα
663 3887 692 3960 ὅ
706 3883 787 3961 αὖτε
802 3885 911 3960 needed
925 3894 984 3960 καὶ
1000 3893 1217 3984 οαγηνιῦοαν
1233 3891 1412 3991 φιλότητα·
1434 3899 1485 3974 τίς
1507 3890 1573 3966 o’cd
1592 3897 1732 3992 Σαπφοῖ
1744 3891 1857 3964 ἀδικεῖ
1858 3925 1872 3975 ,·
1900 3897 1945 3965 Is.

194 3998 351 4072 Vossius:
380 4001 460 4066 τίνοι
481 3994 508 4068 δ’
523 3994 606 4070 αὖτε
626 4003 770 4094 πείθημι
789 4002 1004 4096 οοιγηνιόοοιν
1027 3999 1202 4097 φιλότητα,
1236 4008 1287 4082 τίς
1309 4001 1336 4073 o'
1352 3998 1379 4072 cd
1398 4008 1532 4102 Σοοφοὶ
1552 4002 1672 4101 dormi,-
1701 4003 1735 4071 in
1756 4003 1847 4074 libris
1868 4007 1945 4075 scri·

194 4108 259 4206 ptis
288 4132 322 4174 se
348 4105 507 4174 invenisse
536 4131 668 4175 monens
696 4113 872 4198 πείθομαι.
916 4107 1220 4180 Vossii'lectionem
1247 4113 1312 4180 fere
1339 4113 1529 4206 repetierunt
1551 4113 1683 4182 insecuti
1707 4114 1855 4182 editores.
1900 4116 1947 4186 Et

196 4219 414 4317 σαγηνεόοαν
435 4213 583 4282 exhibent
604 4217 695 4285 codd.
711 4217 795 4311 Reg.
815 4237 843 4286 1.
866 4236 897 4288 et
917 4212 1013 4289 Colb.
1060 4219 1143 4287 Cod.
1166 4221 1299 4291 lllonac.
1319 4229 1400 4294 τίνοι
1419 4221 1450 4296 δ’
1466 4221 1546 4318 rpite
1566 4223 1675 4294 1111θῶ
1699 4227 1758 4295 καὶ
1778 4223 1946 4321 οαγήνεο-

194 4357 261 4403 σαν
273 4323 438 4426 φιλότητα
451 4330 502 4404 τίς
516 4319 543 4393 oi
555 4323 684 4422 Zeugei
699 4335 785 4424 δίκη.
810 4329 893 4398 Cod.
902 4328 1040 4422 ltehdig.
1057 4325 1179 4428 d'prite.
1202 4330 1320 4425 blargo
1328 4332 1481 4401 Victorii:
1501 4339 1590 4430 δίκη,
1603 4334 1673 4402 cod.
1685 4333 1706 4401 l.
1723 4339 1827 4430 δίκῃς.
1851 4335 1946 4403 Eius-

197 4441 270 4508 dem
282 4433 503 4531 apographum
513 4434 661 4502 carminis
677 4435 785 4506 πειθώ
796 4444 855 4510 καὶ
871 4438 1106 4532 οαγινόεοοαν,
1119 4457 1222 4509 cetera
1236 4459 1270 4510 ut
1285 4444 1355 4513 cod.
1366 4443 1497 4511 Monac.
1521 4442 1675 4512 Extrema
1685 4444 1834 4537 quoniam
1845 4460 1946 4514 metro

195 4561 392 4641 repugnant,
415 4569 474 4641 pro
496 4543 624 4637 vulgato
646 4542 760 4618 ἀδικεῖ
779 4549 970 4644 scripsemnt
990 4552 1130 4647 ὑβρίζει,
1157 4549 1315 4639 oldenarda,
1344 4550 1462 4640 ἀτίμα,
1491 4550 1603 4638 ἀτίζει,
1631 4550 1765 4652 ᾰὸὶκκῆ.
1806 4555 1873 4624 Sed
1894 4581 1946 4624 ce-

196 4673 334 4728 teromm
363 4671 493 4728 conatus
523 4654 660 4722 retundit
686 4651 849 4724 inventrun
869 4659 1049 4745 Gaisfordi,
1082 4661 1134 4754 qui
1164 4679 1242 4730 nott.
1265 4665 1307 4731 ad
1328 4661 1505 4754 Hephaest.
1527 4687 1558 4754 p.
1575 4661 1628 4730 65.
1652 4665 1694 4731 ad
1716 4663 1798 4734 huuc
1819 4689 1947 4734 versum

196 4765 353 4865 pertinere
378 4764 599 4836 animadvertit
621 4765 724 4835 locum
747 4765 854 4860 Etym.
875 4767 926 4836 M.
949 4797 981 4864 p.
1002 4779 1076 4854 1185,
1100 4787 1152 4848 11.
1182 4775 1231 4842 Οἱ
1247 4767 1387 4851 Αἰολεῖς
1405 4767 1450 4852 roi
1470 4771 1530 4870 τῆς
1551 4772 1686 4872 πρώτης
1708 4779 1869 4864 συζυγίας
1888 4773 1946 4846 dcci
2051 4833 2058 4846 .

1301 5117 1314 5154 Ι
