4242 5300
1065 267 1093 360 8
1138 261 1140 268 ,

197 507 309 586 ceteris
337 501 540 575 comicorum
565 493 818 567 cavillationibus
840 491 1035 588 scripsimus,
1060 490 1186 585 egregie
1211 490 1311 560 adiuti
1334 513 1453 558 sumus.
1482 489 1695 560 Demonstrat
1714 503 1819 560 autem
1847 487 1951 560 Wel·

196 642 303 702 cerus,
342 615 515 683 immanem
539 610 634 677 istam
661 605 824 674 libidinem
856 602 904 671 vel
937 601 1182 702 comptissimis
1203 601 1344 669 moribus
1368 624 1407 669 ac
1428 599 1647 668 detestabilem
1666 599 1824 670 veteribus
1848 600 1952 670 visam

195 754 278 816 csse,
301 748 403 818 neque
429 721 495 790 eius
518 717 618 786 ullum
641 712 820 810 exemplum
843 714 876 781 in
899 713 990 808 poesi
1015 711 1179 796 mnatoria,
1210 710 1370 804 ceteroqui
1392 709 1486 778 rimis
1517 733 1643 804 spurca,
1684 709 1825 804 reperiri.
1864 709 1950 778 Pro·

195 840 279 910 fecto
304 836 332 902 si
356 831 411 901 tali
435 827 566 898 infamia
590 827 654 896 iam
679 825 765 920 apud
788 839 909 892 veteres
935 820 1080 918 Sappho.
1095 843 1252 916 oppressa
1275 819 1397 903 suisset,
1421 842 1487 887 non
1515 844 1587 887 cnm
1617 817 1672 886 illo
1700 834 1848 912 portento
1879 817 1966 893 libi„

170 935 174 946 .
199 949 281 1019 dinis
307 943 569 1034 coniungerentur
594 934 733 1004 Theano
758 948 790 1002 et
811 932 955 1000 Diotima
979 932 1022 1029 ad
1045 928 1236 1027 explendam
1256 919 1492 1000 consummatae
1520 925 1659 998 mulieris
1689 927 1870 1020 imaginem,
1901 929 1952 1000 mi

125 1083 126 1086 ’
196 1055 330 1154 Sappho
354 1049 395 1123 cd
417 1044 598 1146 γλαφαρόν
619 1043 680 1142 τῆς
702 1045 938 1140 πρααιρεάεως,
971 1039 1161 1135 elegantiam
1185 1037 1309 1108 consilii
1331 1038 1518 1133 impertiret:
1544 1037 1578 1107 id
1607 1037 1693 1130 quod
1716 1035 1834 1106 lactum
1858 1055 1950 1107 esta

195 1166 338 1236 Lucisne
360 1163 462 1252 Imag.
481 1166 531 1225 18.
561 1151 640 1224 Non
663 1151 842 1221 abeodem
867 1151 1020 1245 scriptore
1043 1150 1154 1220 Amor.
1168 1163 1221 1217 30.
1252 1165 1416 1241 mmqnam
1445 1169 1538 1215 sexus
1570 1146 1619 1215 sni
1647 1146 1765 1214 decora
1793 1148 1948 1241 produce-

195 1277 302 1346 rentin
333 1266 504 1351 Telesilla,
543 1261 693 1359 Sappho,
733 1257 896 1346 Theano,
922 1284 1003 1354 qnae
1031 1284 1091 1355 pro
1119 1255 1301 1328 mulieribus
1331 1275 1478 1326 caussam
1506 1255 1646 1325 dicerent
1681 1254 1833 1325 adversus
1864 1257 1948 1326 viros

196 1408 365 1482 puerorum
388 1375 548 1445 amoribus
574 1373 713 1442 deditos:
736 1395 851 1467 parum
874 1368 1083 1465 probabiliter
1110 1369 1331 1463 paedicatoros
1355 1366 1573 1462 impugnaret,
1613 1389 1694 1459 qnae
1723 1365 1814 1434 istius
1838 1365 1949 1459 flagitii

196 1494 325 1564 crimine
343 1487 509 1558 tencretnrl
531 1484 577 1551 Et
591 1478 779 1550 Aristoteles
795 1479 891 1549 tthet.
907 1479 948 1564 11,
963 1492 1016 1546 23.
1041 1503 1060 1546 a
1084 1477 1192 1546 Pariis
1217 1477 1261 1546 ait
1284 1476 1473 1544 honoratum
1484 1466 1729 1558 Archilochum,
1755 1499 1948 1570 quamquam

196 1603 450 1680 courviciatorem,
476 1617 495 1661 a
520 1592 609 1662 Chiis
625 1589 824 1700 (Homerum,
850 1612 1042 1683 quamquam
1066 1611 1131 1654 non
1156 1587 1266 1672 civem,
1299 1583 1547 1679 alllytilenaeis
1577 1583 1803 1678 Sapphonem,
1837 1609 1946 1679 qoam·

196 1739 292 1812 quarn
315 1707 490 1778 mulierem.
532 1698 650 1770 Nonne
675 1699 801 1768 adversi
823 1697 969 1783 mmoris,
1000 1697 1028 1768 si
1052 1697 1094 1768 ad
1118 1697 1224 1792 ipsum
1252 1695 1459 1790 pervenisset,
1492 1693 1548 1772 tali
1577 1691 1648 1762 loco
1672 1691 1784 1761 fnisset
1813 1695 1946 1773 mentio,

195 1849 268 1892 nem
292 1815 483 1889 iniecturus?
521 1809 636 1904 Neque
659 1808 856 1892 Athenaeus,
888 1807 992 1876 verbis
1016 1808 1066 1893 iis,
1091 1805 1204 1900 quibus
1233 1803 1382 1899 Iragmm.
1397 1802 1538 1873 XLVII.
1562 1801 1703 1871 LXVII.
1724 1801 1945 1896 subiciuntur,

194 1938 333 2028 ἑταίρας
361 1949 479 1994 nomen
508 1922 778 1990 demonstraturus
806 1918 963 1986 interdum
994 1917 1080 1986 omni
1110 1916 1230 2012 probro
1258 1939 1384 2000 vacare,
1414 1910 1599 2009 Sapphonis
1624 1897 1717 1980 uersu
1744 1912 1790 1982 nu'
1813 1912 1945 1998 dubitat,

109 2123 113 2128 ⁵
196 2065 258 2137 qno
283 2041 323 2109 dc
346 2035 412 2105 suis
436 2037 585 2128 ἑταίραις
608 2028 762 2123 Ιοφιὶιιιη
786 2053 827 2096 ne
852 2026 986 2097 defensa
1013 2025 1144 2120 quidem
1167 2024 1255 2092 lama
1278 2024 1350 2110 ista,
1382 2047 1462 2118 quae
1487 2023 1516 2091 si
1544 2022 1609 2091 iam
1638 2012 1704 2096 tum
1732 2021 1945 2116 pererebmis·

195 2169 252 2236 set,
276 2151 326 2220 vix
348 2146 402 2215 ille
424 2143 537 2212 suisset
559 2141 743 2223 omissuros
768 2138 843 2230 quin
866 2135 963 2228 verbo
987 2134 1143 2229 poetriam
1166 2131 1261 2228 culpa
1285 2133 1441 2202 liberaret.

323 2257 494 2340 Postremo
526 2251 559 2319 in
589 2271 746 2318 mannore
779 2244 878 2326 Pario
910 2245 975 2340 Ep.
1001 2260 1053 2326 37.
1084 2244 1132 2314 ita
1163 2245 1314 2338 scripturn
1347 2259 1411 2311 cst:
1441 2243 1748 2334 [HHHAMAAL
1773 2239 1945 2338 ἄρχοντος

98 2422 101 2431 ,
192 2367 383 2466 Ἀθήνησιν
399 2361 667 2458 Ἀριστοκλέους,
698 2352 757 2452 ἀφ’
775 2350 969 2451 oriturque?
994 2355 1034 2444 ἐγ
1047 2359 1247 2452 Μίταληνης
1270 2351 1319 2431 εἰς
1336 2357 1499 2424 Σικελίαν
1516 2355 1662 2442 {duleuite
1685 2352 1840 2449 φαγοῦσα
1856 2403 1866 2421 .
1882 2403 1891 2421 .
1908 2402 1943 2423 ..

192 2487 287 2554 ..ολ
307 2529 315 2548 .
335 2480 391 2547 ,θ
409 2519 581 2543 .......
599 2474 658 2545 toi
679 2461 850 2560 Ἀθήνησι
871 2463 939 2551 μέν
965 2467 1108 2558 Κριτίου
1129 2463 1192 2534 rori
1214 2465 1389 2559 προτέρου.
1423 2459 1491 2528 Pro
1511 2459 1574 2559 ἀφ’.
1596 2458 1639 2532 οὗ
1662 2461 1863 2530 scribendum
1895 2475 1945 2529 est

192 2588 242 2688 ἐφ’
266 2584 319 2658 αὖ.
365 2583 441 2672 Quo
472 2597 612 2672 tempore
636 2573 812 2645 Aristocles
842 2573 1062 2665 magistratum
1092 2573 1235 2666 gesserit,
1266 2596 1332 2640 nou
1358 2587 1498 2656 constat,
1527 2597 1604 2642 nam
1635 2569 1710 2638 anni
1737 2587 1823 2656 nota,
1848 2592 1944 2663 qnam

191 2701 262 2796 ipse
287 2694 370 2789 lapis
394 2691 500 2773 habet,
525 2713 564 2756 ex
587 2685 765 2753 coniectura
787 2681 935 2778 suppleta
959 2699 1017 2751 est
1047 2678 1162 2777 Neque
1187 2682 1363 2776 quidquam
1373 2681 1413 2750 de
1429 2703 1544 2749 caussa
1564 2679 1649 2749 exilii
1668 2695 1863 2774 compertum
1884 2677 1941 2746 ha-

192 2811 315 2890 bemus,
342 2805 381 2872 dc
406 2825 469 2895 qua
490 2797 627 2865 sortasse
653 2795 770 2864 dictum
794 2809 872 2877 erat,
901 2792 956 2860 ubi
985 2790 1281 2884 lacuna,signatur.
1322 2788 1443 2858 Turbis
1465 2789 1611 2860 civilibus
1634 2789 1810 2858 immixtam
1831 2785 1942 2873 fuisse,

117 2983 122 2991 ,
193 2917 279 3012 quod
304 2913 452 3009 opinatur
481 2903 716 2975 Barthelemius
749 2901 928 2971 Anachars.
960 2901 1066 2998 suppl.
1082 2925 1153 2996 cap.
1167 2918 1197 2968 a.
1227 2899 1440 2995 adstipulante
1462 2897 1622 2969 Viseonto
1646 2898 1791 2992 Iconogr.
1815 2897 1875 2966 Gr.
1896 2897 1940 2966 T.

191 3029 217 3112 Ι,
234 3041 265 3093 2.
282 3041 312 3110 3,
337 3045 412 3090 vero
437 3015 582 3086 absimile
607 3014 833 3096 existimamus,
859 3037 954 3104 quum
978 3035 1136 3105 nusquam
1163 3010 1196 3079 in
1220 3009 1286 3079 eius
1309 3008 1449 3102 reliquiis
1471 3006 1617 3104 publicae
1642 3031 1736 3076 curae
1763 3007 1863 3075 ullum
1887 3033 1939 3076 vc·

192 3136 319 3229 stigium
344 3127 607 3226 deprehendatur.
655 3122 743 3210 Quia
764 3137 872 3188 autem
905 3120 1043 3189 Ovidius
1076 3119 1210 3188 Heroid.
1238 3129 1288 3203 15,
1315 3129 1369 3198 51.
1400 3117 1481 3186 hacc
1507 3142 1580 3188 ¹earn
1609 3117 1686 3187 lacit
1712 3116 1841 3186 Phaoni
1861 3116 1940 3186 scri·
2015 3099 2022 3104 ’

133 3303 135 3306 v
183 3249 334 3316 'bentemt
358 3242 459 3310 Nunc
484 3236 549 3304 titi
569 3233 735 3324 Sicelides
762 3230 899 3297 vestiunt
922 3253 1013 3296 nova
1033 3229 1168 3319 praeda
1185 3229 1345 3319 puelloe;
1377 3227 1474 3318 Quid
1486 3227 1570 3295 milti
1583 3227 1939 3296 curulestoast'cclts

191 3382 267 3427 esse
292 3354 385 3422 volo.-
413 3349 492 3416 satis
523 3343 634 3412 leviter
663 3341 718 3409 alii
748 3339 957 3422 coniecerunt,
985 3337 1155 3434 prolegum
1178 3335 1347 3405 Phaonem
1377 3337 1533 3431 poeninm
1564 3337 1597 3404 in
1628 3335 1771 3406 Siciliam
1799 3351 1940 3404 secutam

190 3491 271 3549 esse,
300 3480 333 3537 ct
364 3463 490 3531 demum
521 3478 559 3523 ea
590 3477 647 3548 spe
677 3447 794 3522 salsam
823 3447 1007 3517 Leucadem
1035 3448 1162 3516 abiisse.
1209 3447 1322 3518 Tenue
1346 3462 1408 3532 est,
1437 3447 1524 3540 quod
1543 3446 1712 3542 Antipater
1734 3446 1884 3522 Sidonius
1908 3461 1941 3515 et

191 3573 319 3644 Tullius
343 3571 471 3641 Laurea
492 3566 526 3634 in
550 3561 684 3638 Aeolide
708 3575 792 3627 terra
813 3575 847 3626 ct
869 3557 1002 3626 Aeolico
1026 3556 1145 3625 trunnlo
1166 3557 1326 3625 conditam
1350 3556 1466 3642 dicunt,
1490 3554 1622 3650 Anthol.
1637 3555 1711 3623 Pal.
1727 3554 1803 3640 Vll,
1821 3571 1871 3636 tt,
1887 3572 1938 3638 17.

321 3679 452 3774 Ingenio
477 3701 511 3743 se
535 3687 632 3765 negat
653 3693 726 3738 esse
747 3667 816 3736 odii
837 3668 939 3738 tenaci
962 3667 1077 3762 fragm.
1094 3665 1216 3734 XXIX.
1247 3665 1423 3735 Praeterea
1452 3666 1493 3735 dc
1522 3665 1663 3735 moribus
1689 3665 1755 3732 eius
1783 3663 1862 3736 nihil
1891 3681 1937 3734 tc-

190 3810 306 3865 statum
331 3805 393 3868 est3
424 3811 527 3878 neque
551 3782 639 3850 enim
662 3777 824 3847 docuimus
850 3793 936 3846 caste
959 3802 1100 3874 pureque
1129 3768 1262 3861 vixisse,
1293 3776 1351 3844 sed
1376 3791 1498 3844 tantum
1529 3775 1719 3844 contrariam
1747 3773 1938 3842 sententiam

188 3902 335 3974 inanibus
358 3894 593 3972 auctoritatibus
613 3887 755 3959 defendi.
784 3887 904 3956 Forma
924 3887 1064 3990 breuem,
1087 3910 1153 3954 non
1172 3885 1342 3956 candidam
1359 3884 1552 3979 onminoqne
1575 3885 1678 3954 minus
1700 3883 1936 3978 commendabi-

188 4015 253 4083 lem
274 4006 423 4078 describit
442 4001 580 4078 Ovidius
602 3997 975 4089 Heroid15,³1scqq.,
1005 4018 1142 4088 quocum
1169 3994 1325 4064 consentit
1348 3991 1510 4064 Maximus
1532 3994 1650 4088 Tyrius
1672 3995 1797 4063 dissert.
1809 3990 1935 4076 XXIV,

189 4119 301 4218 καλήν
326 4141 344 4184 a
366 4113 505 4182 Platone
529 4111 668 4178 Phaedr.
691 4135 725 4203 p.
737 4117 813 4174 235.
831 4132 857 4174 c.
881 4120 1095 4199 nuncupatam
1126 4101 1167 4170 ob
1187 4103 1373 4194 'carminum
1401 4104 1588 4172 suavitatem
1617 4104 1801 4187 arbitratus,
1824 4107 1937 4174 καίτοι

184 4226 318 4327 μικράν
341 4220 449 4295 οὖσαν
471 4224 531 4290 καί
549 4221 732 4313 μέλαιναν.
776 4216 826 4285 Ac
847 4239 936 4299 sanc,
960 4214 1033 4284 licet
1054 4212 1170 4284 eodem
1193 4213 1348 4282 vocabulo
1372 4236 1443 4282 eam
1466 4229 1580 4283 ornem
1601 4212 1812 4298 Plutarchus,
1836 4210 1934 4281 Athe·

186 4322 296 4421 naeus,
319 4333 469 4414 Iulianus,
496 4326 705 4410 Themistius,
728 4323 925 4409 Eustachium
949 4324 1045 4391 Anna
1069 4323 1250 4408 comnena,
1280 4322 1409 4393 insumo
1426 4339 1489 4393 stat
1503 4323 1693 4394 documento
1707 4321 1848 4392 molieris
1863 4321 1934 4418 pul-

188 4449 340 4526 chritudo,
366 4443 394 4510 si
416 4464 457 4509 ea
479 4437 573 4505 lande
597 4457 758 4527 nunquam
782 4435 883 4503 visam
906 4433 1049 4528 homines
1074 4431 1162 4501 alind
1184 4448 1315 4526 agentes
1341 4435 1500 4519 decorant,
1521 4433 1710 4527 praesertim
1731 4432 1858 4517 Graeci,
1881 4431 1935 4526 qni

187 4581 299 4632 revera
322 4555 383 4622 hoc
407 4545 595 4623 vocabulum
618 4544 692 4612 viris
717 4542 812 4610 ctiam
837 4561 969 4640 proptor
991 4542 1144 4612 librorum
1168 4560 1366 4612 venustatem
1386 4568 1451 4612 non
1474 4567 1547 4611 raro
1572 4541 1756 4636 largiuntur,

321 4663 388 4736 Sed
410 4679 445 4729 ut
468 4659 508 4726 dc
530 4653 691 4750 elegantia
713 4652 835 4720 formae
861 4676 988 4748 anceps
1003 4671 1055 4722 cst
1078 4653 1236 4737 iudicium,
1260 4653 1306 4722 ita
1335 4676 1400 4726 nno
1432 4677 1489 4720 ore
1517 4674 1630 4720 omncs
1657 4653 1765 4747 poesis
1800 4675 1933 4721 veneres

185 4776 349 4880 exquisitis
372 4771 518 4848 laudibus
542 4765 715 4840 celebrant.
760 4761 880 4838 suabe
895 4761 984 4834 XIIL
1000 4791 1033 4858 p.
1048 4763 1124 4843 ott.
1157 4759 1296 4860 Σαπφώ,
1316 4762 1431 4859 inquit„
1449 4760 1655 4850 θαυμαστόν
1679 4794 1711 4833 τι
1733 4759 1870 4858 χρῆμα·
1892 4759 1934 4832 ori
