4274 5290
1034 221 1096 335 ta

188 462 309 535 Habet
323 459 458 555 quidem
471 455 690 527 Andromeda
711 478 781 523 rem
798 453 940 544 pulchra
954 477 1156 545 repensam.-
1176 452 1329 544 Sappho,
1355 477 1418 520 cur
1433 454 1634 544 opulentam
1651 455 1822 524 Venerem
1857 455 1944 525 cod,

186 566 234 643 (ζ.
260 570 505 667 Ἀνδρομέδαν
532 563 625 653 καλαὶ
652 562 820 657 ἀμοιβάν.
865 563 954 632 Dein
986 563 1081 655 vulgo
1114 569 1273 657 Σαπφαῖε
1307 563 1357 631 ed.
1378 563 1463 632 lunt.
1490 562 1623 662 ψάφοι,
1656 566 1750 634 codd,
1772 563 1814 634 Β,
1835 565 1881 634 Η,
1902 565 1945 635 C.

193 690 343 781 ψαπφοῒ.
386 677 510 762 Videt,
523 690 576 744 90.
610 675 775 768 Disiungit
797 698 908 744 versus
930 673 1162 742 Blomlieldus:
1192 673 1249 740 sed
1271 670 1421 769 ἀμοιβῆς
1443 698 1560 742 nornen
1582 699 1784 768 nequaquam
1805 673 1946 744 alienum

195 809 244 863 est
271 791 360 860 arei
382 813 490 857 sacrae
525 786 729 877 cogitatione,
770 783 871 852 altero
899 809 993 850 versu
1021 797 1179 851 contenta.
1238 782 1286 851 Ut
1309 779 1480 875 Neptunus
1509 782 1821 879 invocaturUOdyss.
1843 813 1873 874 7,
1890 791 1946 853 53,

194 907 301 975 Attov
322 926 371 991 χα
392 905 532 996 plenem·
554 891 710 986 α’μαιβήν
732 891 902 982 σύμπασιν
924 897 1105 964 Πυλίοισιν
1126 889 1329 989 ἀγακλειτῆς
1350 889 1558 986 ἑκατόμβης.
1604 890 1733 964 Καλαν
1755 893 1872 962 ironice
1896 893 1946 962 di·

196 1027 280 1082 ctum
306 1011 449 1090 Vldssfflrt
484 1029 677 1100 quamqfflm
705 1019 811 1097 potest
841 1002 919 1087 fieti,
949 1018 984 1072 ut
1008 999 1142 1096 Sappho
1166 1024 1200 1069 se
1222 1001 1295 1095 ipsa
1317 1017 1517 1072 commoneat
1539 1002 1579 1072 de
1601 1003 1782 1072 veneranda
1803 1002 1872 1088 dea,
1896 1003 1950 1071 cui

194 1118 401 1190 Andromeda
414 1142 480 1186 non
499 1114 618 1186 frustra
640 1111 871 1183 sacrificaverit.

1026 1329 1116 1398 LIX.
1133 1385 1137 1392 .

329 1445 521 1542 Apollonius
545 1443 585 1512 de
610 1443 743 1536 Syntaxi
763 1441 821 1510 Ill.
844 1467 876 1536 p.
892 1449 967 1510 988.
996 1440 1037 1508 de
1060 1439 1242 1509 discrimine
1271 1440 1438 1509 verborum
1460 1448 1573 1539 φιλεῖν
1602 1457 1634 1510 et
1656 1441 1741 1538 ἕρᾶν
1764 1441 1949 1512 disserenat

207 1554 257 1632 Tri
277 1557 366 1655 ἕρᾶν
387 1558 550 1644 ὁμολογεῖ
567 1553 609 1623 τό
631 1555 939 1647 προσδιατίθεσθαι
960 1547 1026 1620 aiud
1047 1549 1113 1619 τοῦ
1134 1553 1323 1645 ἐρωμένου·
1355 1546 1408 1620 dui
1431 1555 1490 1620 aad
1512 1547 1657 1630 δεόντως
1678 1553 1700 1650 ἡ
1721 1549 1852 1651 Saepe?
1873 1552 1947 1622 ἐπι-

197 1670 372 1757 τειαμίνῳ
392 1664 531 1756 μᾶλλον
553 1660 700 1750 ὀνόματι
721 1658 905 1758 ἐχρήσατο·
948 1655 1040 1749 ’Eytd
1062 1659 1101 1729 dd
1122 1664 1182 1730 καλ
1203 1659 1227 1752 η’
1249 1661 1409 1738 νοττῶτιζ
1430 1660 1562 1754 ἐρᾶται.

333 1775 416 1844 Cod.
435 1773 474 1840 A.
496 1800 708 1869 κηνοπωτις,
732 1787 763 1838 et
785 1769 914 1863 quidem
935 1769 1058 1838 litteras
1082 1797 1211 1866 procrea
1234 1794 1254 1837 a
1275 1793 1372 1836 manu
1393 1769 1578 1838 recentiori:
1608 1769 1642 1836 in
1661 1769 1735 1862 cod.
1757 1769 1799 1838 Β.
1825 1757 1945 1840 omitti·

199 1903 251 1956 tur
278 1886 328 1955 de'.
379 1883 588 1950 Productiore
617 1879 771 1949 vocabulo
801 1878 1261 1962 0111111Τ11100111019,119.
1296 1879 1341 1958 ὠς
1368 1877 1441 1975 ἄρα
1469 1881 1596 1975 Δέλφις
1624 1879 1761 1974 ἐρᾶται,
1788 1897 1946 1974 potestate

200 1995 314 2064 activa.
360 1993 433 2061 Hoc
455 2007 559 2060 autem
583 1991 658 2058 dicit
679 1989 881 2083 Apollonius,
905 1988 980 2082 quia
1001 1991 1022 2058 ὁ
1044 1990 1134 2085 ἐρῶν
1155 2012 1221 2055 11011
1243 1987 1347 2056 solmn
1370 2003 1453 2078 agat,
1477 1988 1535 2056 sed
1558 1988 1651 2056 simul
1674 1987 1838 2075 afficiatur,
1862 2007 1946 2061 recte

202 2129 237 2174 se
262 2102 378 2171 hahere
401 2101 537 2170 sormam
561 2099 649 2168 verhi
672 2097 844 2192 passivam.
888 2097 942 2166 De
966 2098 1121 2191 scriptura
1142 2099 1313 2185 νοττῶτις,
1336 2097 1450 2166 Atticis
1473 2096 1756 2192 abiudicata,·ride
1777 2097 1945 2170 Hemstcr·

199 2212 325 2283 husium
348 2211 391 2280 ad
415 2208 524 2281 Schol.
547 2209 648 2277 Arist.
668 2207 756 2275 Plut.
779 2221 873 2290 1019,
896 2204 1095 2277 Loheclrium
1117 2207 1159 2274 ad
1179 2205 1302 2300 Phryn.
1325 2233 1357 2301 p.
1374 2205 1447 2274 906.
1471 2223 1503 2276 et
1522 2205 1720 2276 Meinelrium
1742 2210 1784 2277 ad
1806 2209 1945 2279 Menan-

200 2324 251 2392 dri
273 2322 375 2390 Andr.
405 2345 438 2414 p.
457 2334 508 2402 19.
552 2315 678 2389 Pueros
701 2316 883 2410 frequenter
905 2340 925 2383 a
948 2316 1098 2409 Tragicis
1121 2313 1281 2395 νεοσσούς
1309 2316 1388 2401 dici,
1418 2317 1559 2404 ostendit
1581 2314 1735 2386 Montius
1766 2319 1808 2390 ad
1830 2320 1946 2416 Eurip.

198 2432 364 2508 Α11.111.
409 2429 462 2498 De
485 2428 707 2497 terminatione
729 2425 897 2513 νοττῶτις,
922 2425 1039 2518 quique
1061 2425 1228 2494 masculini
1249 2427 1374 2519 generis
1397 2425 1496 2495 llexus
1519 2426 1589 2510 erit,
1612 2425 1791 2524 νοττῶτης,
1816 2455 1946 2526 compa·

197 2542 262 2611 rari
283 2555 391 2635 potest
413 2564 485 2607 cum
501 2536 681 2605 nominibus
704 2533 851 2634 ἰδιώτης,
872 2532 1042 2632 μονῶτης,
1065 2561 1147 2630 quae
1170 2563 1240 2604 cum
1257 2536 1328 2604 aliis
1352 2537 1494 2606 eiusdem
1515 2536 1626 2621 exitus,
1650 2538 1708 2605 sed
1725 2539 1871 2609 diversae
1889 2543 1945 2611 de·

198 2649 364 2718 rivationis
387 2645 509 2742 profert
531 2662 719 2740 personatus
744 2646 949 2714 Herodianus
973 2646 1116 2738 Epimer.
1140 2671 1172 2739 p.
1190 2660 1266 2731 910,
1289 2646 1437 2715 laudatus
1460 2645 1573 2714 Bastio
1596 2647 1639 2714 ad
1660 2647 1795 2741 Gregor.
1817 2677 1851 2745 p.
1869 2653 1945 2729 515.

199 2763 259 2857 Κη
279 2758 314 2826 in
336 2757 406 2825 cod.
424 2755 464 2823 A.
487 2779 546 2849 pro
569 2761 629 2826 καὶ
652 2756 806 2848 positum,
834 2755 971 2848 indeque
993 2780 1103 2824 rursus
1125 2755 1287 2848 vulgatum
1310 2759 1369 2826 καὶ
1390 2757 1412 2854 ἡ
1434 2771 1537 2824 orum
1559 2756 1744 2826 iudicamus.
1789 2760 1859 2830 Sed
1879 2757 1947 2854 ἐγῶ

200 2867 241 2943 δὲ
271 2893 368 2960 quum
390 2881 517 2934 enatum
539 2865 682 2934 videatur
709 2891 747 2933 ex
770 2866 909 2958 genitivo
931 2865 978 2934 rei
999 2866 1171 2959 expetitae,
1203 2865 1367 2935 commode
1396 2891 1467 2960 cum
1488 2865 1642 2935 infantiae
1670 2868 1798 2939 nomine
1826 2873 1945 2944 amoris

199 2977 317 3071 gaudia
338 2990 574 3069 componentur,
598 2975 627 3042 si
649 2976 695 3043 sic
716 2975 839 3069 poetria
862 2975 1042 3068 scripserit:

731 3087 859 3174 Λεχῶν
882 3085 921 3154 dd
942 3089 1003 3156 aral
1024 3086 1184 3163 rotardus
1205 3086 1335 3182 ἒρᾶται.

201 3197 328 3264 Torum
361 3195 417 3263 ecl
442 3193 559 3287 itfirm
577 3194 700 3283 puella
730 3194 871 3283 expetit.
916 3190 992 3262 Nisi
1022 3192 1103 3263 sorte
1130 3221 1246 3262 nomen
1281 3195 1408 3294 verbale
1438 3195 1599 3281 exstollat,
1638 3197 1725 3291 quod
1755 3205 1781 3289 γ’
1806 3199 1946 3271 litteram

196 3306 359 3390 retineret,
385 3320 420 3372 ut
451 3330 489 3373 ex
515 3301 707 3374 Archilocho
738 3319 953 3378 memorantur
985 3305 1084 3396 λε’γαι
1115 3311 1288 3395 γυναῖκες,
1330 3303 1409 3376 ἀντὶ
1440 3305 1501 3377 τοῦ
1532 3303 1731 3397 ἀκόλαστοι,
1759 3308 1868 3404 Etym.
1893 3311 1944 3381 M.

197 3440 229 3510 p.
250 3425 322 3484 159.
343 3431 420 3483 extr.

329 3742 521 3837 Apollonius
545 3741 585 3810 dc
606 3739 762 3811 Pronum.
786 3767 818 3836 p.
835 3743 888 3821 61.
923 3739 1052 3832 Ἐγῶν·
1083 3743 1225 3824 Λιόλεῖς
1247 3747 1405 3842 βαρέως·

549 3934 554 3942 ¹
665 3853 785 3944 Ἒγων
807 3849 898 3941 δ”ἐμ
911 3853 1002 3942 adep
1022 3856 1122 3924 τοῦτο
1144 3852 1297 3925 σύνοιδα.
1342 3851 1484 3953 Σαπφώ.

197 3959 272 4052 Ego
295 3961 379 4028 milti
396 3960 494 4027 leuius
517 3962 568 4030 rei
586 3964 726 4031 conscia
748 3986 836 4030 sum.
872 3963 909 4029 ln
925 3963 967 4028 ls.
984 3963 1099 4030 Vossii
1115 3963 1284 4057 Excerptis
1306 3991 1337 4057 p.
1358 3979 1432 4041 191.
1450 3951 1490 4034 C.
1513 3966 1661 4035 scribitur
1682 3964 1772 4058 tydr
1793 3968 1946 4061 δ’ἕμαυ-

196 4075 264 4142 ταί.
308 4069 456 4137 Wollius
480 4087 511 4138 et
524 4069 688 4164 Volgerus
711 4072 876 4162 ἐμαυτᾶς,
899 4070 1030 4140 Bauius
1054 4071 1096 4139 ad
1112 4073 1247 4175 Gregor.
1270 4099 1302 4168 p.
1322 4087 1397 4156 919.
1420 4073 1580 4166 ε’μάὑτᾷ,
1604 4075 1813 4149 Blomlreldus
1836 4084 1945 4171 ἐμαυ-

197 4182 249 4274 τᾷ.
294 4178 425 4247 Diserte
448 4178 638 4272 Apollonius
666 4208 698 4275 p.
720 4195 797 4265 103,
821 4181 981 4249 annotatis
1006 4180 1186 4250 Homericis
1212 4179 1373 4279 ἑαύτήν,
1397 4189 1434 4255 ἕο
1459 4181 1488 4254 δ’
1503 4184 1623 4272 αὐτοῦ,
1646 4192 1679 4258 ἕε
1702 4185 1863 4276 δἀὐτδν,
1885 4193 1943 4260 do·

197 4307 264 4361 cett
285 4290 359 4361 Καὶ
371 4285 465 4382 nupti
482 4297 555 4368 τοῖς
568 4288 748 4370 Αἰολικοῖς
771 4287 811 4362 dd
828 4291 874 4370 ὠς
895 4293 936 4360 ἐν
955 4293 1145 4386 παραθέσει
1163 4289 1388 4384 ἀνεγνώσθη·
1405 4291 1591 4384 Ἕμάὔτᾳ
1605 4295 1697 4367 τοῦτ’
1717 4303 1807 4389 ε”γων
1829 4298 1945 4372 σύναι-

198 4407 253 4472 δα.
298 4398 401 4467 11111.
423 4397 540 4466 Vossii
561 4398 639 4468 Erre.
664 4425 695 4492 p.
711 4399 785 4476 196.
806 4400 844 4470 A.
867 4399 947 4468 haec
969 4415 1060 4468 sunt:
1082 4399 1253 4488 Ἐμααταὶ
1274 4400 1443 4494 roric'e'ycd
1465 4402 1625 4486 σύνοιδα,
1648 4406 1760 4476 eadem
1782 4408 1816 4496 in
1836 4409 1945 4480 Bastii

196 4525 272 4577 nota
295 4508 440 4591 laudata,
469 4506 531 4574 nisi
554 4508 640 4600 qnod
662 4507 880 4601 11111μάιῖτᾷ
902 4526 1063 4580 exaratum
1085 4527 1147 4596 est,
1179 4512 1263 4580 unde
1286 4519 1375 4605 ἔχων
1397 4513 1549 4584 hocloco
1572 4531 1682 4585 contra
1705 4517 1800 4588 lidem
1822 4519 1943 4590 codicis

197 4614 361 4687 Beldrerus
385 4615 513 4686 dedisse
536 4617 669 4685 videtru.
