4242 5300
1025 227 1085 320 50

182 451 268 544 Age,
292 451 407 519 ἅίνῐπιι
429 453 575 538 testudo,
600 453 655 520 dic
679 451 768 535 mihi,
793 463 829 520 et
852 453 980 522 vocalis
994 453 1081 544 fras.
1113 452 1240 522 Horatii
1262 463 1371 521 versus
1394 469 1560 548 comparat
1578 452 1728 540 Ursinus,
1753 454 1861 524 Carm.
1874 455 1943 541 111,

186 578 237 646 11,
254 577 272 628 3
290 587 392 656 seqq,
430 563 553 653 Tuque,
585 562 730 644 testudo,
761 587 929 630 resonare
951 573 1081 651 septem
1100 563 1240 638 Calbffda
1262 561 1382 644 nervis,
1492 563 1564 630 Dic
1588 565 1721 647 modos,
1743 564 1840 658 Lyde
1859 565 1941 657 qui-

185 671 249 738 bus
275 672 466 739 obstinatas
481 671 643 760 Applicat·
665 696 779 739 eures.
827 665 894 740 Sed
918 672 1024 742 Orion
1047 671 1225 742 Thebanus
1248 671 1355 764 Etym.
1376 699 1410 766 p.
1422 680 1475 755 28,
1498 671 1616 741 Aeoles
1638 688 1662 743 ῦ
1684 697 1745 768 pro
1767 688 1795 742 ιῦ
1817 673 1938 743 efferre

184 781 355 878 ostendeus
379 781 501 849 scribit:
524 781 568 859 ὠς
590 777 685 876 παροὶ
714 783 855 878 Σαπφοῖ
875 779 1011 877 γελιόνιγ
1032 777 1172 876 γελόνῆ,
1196 805 1277 873 quae
1299 781 1396 848 rerba
1419 782 1483 848 iam
1505 781 1633 876 prolata
1655 799 1747 852 erant
1769 783 1939 856 aKoenio

185 907 217 960 et
238 890 350 958 Bastio
374 891 415 958 ad
439 889 574 983 Gregor.
593 891 668 968 Cor,
685 918 717 985 p.
735 891 810 974 586,
842 891 1039 984 eandemque
1063 889 1208 958 vocabuli
1231 890 1370 985 speciem
1394 907 1549 959 annotant
1569 892 1679 984 Etym.
1695 885 1746 962 M.
1762 920 1795 986 p.
1811 899 1863 976 θῖ,
1881 907 1938 960 33.

186 1010 260 1085 808,
277 1001 329 1068 26.
346 1017 377 1068 et
392 1000 498 1092 Etym.
516 1001 654 1068 Sorbon.
671 1000 739 1070 bls.
756 1025 808 1094 ap.
801 999 986 1078 .Bastium:
1028 1016 1221 1096 quapropter
1243 998 1465 1084 Bloniheldus,
1489 999 1563 1070 licet
1583 1026 1677 1070 nemo
1701 1018 1795 1096 neget
1815 1002 1938 1070 Aeoles

96 1091 103 1105 .
154 1113 287 1205 ·χε’λνς
312 1110 445 1194 dixisse,
474 1107 603 1207 χελόνῆ
626 1135 685 1204 pro
708 1113 794 1201 γε’λν
817 1139 878 1200 μοι
899 1110 1036 1206 scripsit.
1079 1109 1172 1178 Idem
1193 1109 1341 1204 opinatur
1363 1107 1549 1238 legendum·
1581 1108 1678 1202 Αγε,
1708 1118 1769 1184 δῖα
1793 1109 1939 1207 χιλόνιγ,

184 1225 272 1312 λε’γε,
302 1218 468 1318 φωνοῖσσα
491 1221 533 1290 de'
549 1248 610 1309 μοι
634 1222 758 1310 γε’νοιο.

999 1440 1110 1508 XXV.

315 1549 497 1618 Athenaeus
518 1548 576 1616 IX.
592 1577 624 1644 p.
637 1563 712 1627 4¹0·
729 1550 760 1618 d.
810 1547 940 1646 Σαπφιό
962 1551 1011 1632 dd,
1034 1550 1121 1621 ὅταν
1144 1553 1227 1644 λε’γρ
1248 1551 1288 1621 ἕν’
1308 1549 1358 1640 rqi
1378 1549 1515 1641 πέμπτῳ
1534 1549 1605 1620 ectr
1621 1548 1737 1637 μελῶν
1758 1544 1842 1643 πρός
1867 1545 1934 1645 τῆν

182 1662 407 1759 Ἀφροδίτην
440 1655 685 1754 Χειρόμακτρα
708 1661 746 1728 (λε’
767 1657 948 1749 καγγόνιον
968 1658 1139 1756 πορφυρᾶ,
1169 1661 1362 1730 καὶταῦτα
1392 1661 1461 1748 μὲν
1490 1657 1663 1749 ἀτιμάσεις
1694 1665 1833 1750 ἔπεμψα
1867 1687 1935 1726 πν-

69 1867 74 1872 .
184 1777 334 1872 φωκείας
357 1767 453 1864 δῶρα
474 1774 585 1857 τίμια
614 1767 797 1859 καγγόνιον
819 1767 949 1856 κόσμον
973 1772 1063 1859 λε’γει
1087 1769 1241 1866 κεφαλῆς
1265 1765 1311 1839 roi
1330 1767 1576 1865 χειρόμακτρα.
1604 1770 1650 1847 oie
1668 1771 1729 1838 καλ
1748 1769 1937 1844 Ἑκαταῖος

186 1889 297 1978 δηλοῖ,
325 1877 346 2012 ῆ
368 1879 387 1948 ὁ
412 1905 588 1974 γεγραφως
610 1875 673 1957 τός
694 1877 910 1976 περιηγήσεις,
938 1881 977 1951 ἐν
995 1880 1038 1976 τῆ
1057 1875 1159 1970 ’Aac'p
1179 1881 1448 1976 ἐπιγραφομένῃ·
1474 1881 1644 1957 Γυναῖκες
1662 1878 1700 1948 dd
1719 1879 1776 1948 ἐπὶ
1798 1875 1855 1974 τῆς
1877 1889 1948 1946 tce·⁴

185 1990 297 2092 φαλῆς
317 1993 434 2078 ἔχουσι
454 1984 698 2084 χειρόμακτρα.

316 2099 367 2166 lta
388 2097 533 2192 exempla
555 2098 705 2178 ιόίιιιι
695 2126 729 2166 ιιι
757 2098 865 2168 codice
898 2121 956 2164 suo
979 2095 1058 2165 baec
1080 2095 1145 2189 legi
1167 2109 1299 2165 testatm
1322 2096 1658 2190 Schweighaeusorus.
1692 2125 1849 2168 καταυτα
1867 2096 1935 2185 μὲν

185 2208 402 2300 ότατιμόσεις
426 2213 563 2300 ἔπεμψα
584 2235 782 2304 πνφιοκαας,
812 2206 934 2300 reliqua
964 2222 999 2274 ut
1029 2231 1126 2301 supra
1157 2204 1364 2275 exhibuimus.
1410 2205 1511 2296 Quod
1541 2207 1631 2278 bis
1622 2234 1656 2276 ιιι
1686 2206 1758 2275 loco
1786 2221 1935 2300 excerpto

185 2320 298 2416 legit'ur
313 2317 515 2402 uocabulum,
544 2317 643 2386 semel
667 2318 700 2384 in
728 2317 832 2385 verbis
863 2315 1014 2410 poetriae,
1046 2316 1171 2402 deinde,
1201 2331 1235 2384 ut
1264 2316 1395 2399 videtur,
1425 2316 1459 2384 in
1482 2316 1639 2386 Athenaei
1666 2316 1934 2411 interpretatione,

187 2425 380 2523 καγγόνιον,
412 2453 507 2521 quum
539 2451 599 2520 pro
632 2425 770 2518 genitivo
797 2424 940 2494 habitum
968 2441 1062 2510 esset,
1094 2425 1157 2494 tale
1188 2441 1291 2494 autem
1318 2424 1505 2496 vocabulum
1534 2424 1652 2494 frustra
1675 2441 1885 2522 quaereretur,
1915 2449 1935 2492 a

187 2540 366 2610 coniectura
397 2553 546 2633 putarunt
574 2534 722 2604 auxilium
754 2535 936 2630 petendum.
982 2535 1049 2626 Sed
1069 2553 1172 2628 'quum
1203 2535 1339 2630 scriptor
1362 2535 1402 2604 ab
1428 2551 1643 2629 estpotestate
1667 2535 1823 2620 vocabuli,
1854 2559 1935 2628 quae

187 2647 410 2744 compositioni
439 2646 505 2714 cius
538 2645 693 2729 convenit,
724 2645 773 2712 his
804 2645 941 2740 primum
973 2645 1077 2714 verbis
1110 2646 1153 2714 ad
1177 2637 1311 2715 alteram
1329 2645 1433 2730 istam,
1464 2647 1589 2738 quade
1615 2645 1934 2740 ornamentocapitis

184 2773 369 2853 usurpetur,
399 2772 511 2852 pergat
543 2756 844 2824 demonstrandam:
882 2753 1011 2839 rectius,
1043 2780 1105 2848 qua
1132 2755 1163 2823 vi
1192 2755 1279 2850 apud
1309 2754 1519 2850 Sapphouom
1543 2755 1801 2853 χειρόμακτρον
1832 2754 1934 2850 accipi

187 2867 296 2953 vellet,
326 2867 370 2935 ita
389 2865 600 2949 enunciassct,
631 2882 679 2949 ut,
711 2865 739 2934 si
771 2865 852 2933 forte
876 2865 1031 2958 genitivus
1060 2865 1110 2933 in¹
1127 2865 1232 2934 verbis
1264 2866 1406 2959 poetriae
1442 2882 1585 2960 repertus
1618 2881 1718 2950 esset,
1749 2864 1870 2934 omisso
1895 2887 1933 2932 eo

186 2977 372 3074 simpliciter
391 2975 431 3042 ab
455 2974 511 3044 illa
534 2975 721 3044 vocabulum
747 2975 786 3042 do
810 2972 926 3065 κόρμῳ
945 2976 1096 3072 κεφαλῆς
1117 2976 1257 3070 positum
1278 2974 1439 3044 scriberet.
1484 2977 1522 3046 Si
1547 3001 1623 3044 vero
1647 2977 1819 3068 genitivum
1841 3001 1933 3070 repe·

186 3106 251 3158 tere
272 3086 427 3183 placebat,
458 3101 541 3154 certe
563 3108 627 3152 non
649 3101 716 3152 erat
739 3083 792 3153 ille
816 3085 848 3151 iu
869 3085 957 3152 initio
982 3084 1248 3178 interpretationis
1273 3083 1486 3170 collocandus,
1511 3085 1570 3154 sed
1589 3085 1652 3154 nisi
1674 3111 1744 3153 cum
1765 3111 1843 3154 voce
1861 3111 1931 3175 γει-

186 3197 368 3297 ρόμακιρα
391 3211 631 3279 construeretur,
652 3210 759 3261 tamen
783 3210 817 3260 ut
839 3194 962 3262 nomini
980 3190 1111 3282 κόσμον
1126 3195 1276 3291 κεφαλῆς
1292 3209 1545 3287 postponeretur,
1567 3219 1699 3264 necesse
1715 3211 1792 3264 erat.
1824 3195 1934 3287 Quam

184 3334 268 3380 nuuc
288 3308 396 3376 sedem
417 3304 600 3396 καγγόνιον
622 3303 795 3399 occupavit,
820 3304 969 3398 quoniam
989 3302 1038 3371 vel
1059 3318 1188 3397 propter
1207 3301 1370 3370 insolitum
1392 3305 1481 3372 verbi
1501 3307 1592 3395 λέγει
1611 3306 1749 3399 positum
1769 3307 1849 3376 tueri
1869 3329 1934 3373 non

187 3435 309 3514 potest,
338 3433 426 3485 tauto
450 3414 575 3482 facilius
597 3415 822 3497 concedemus,
843 3412 1054 3516 ¹Athenaeum
1077 3413 1161 3480 nude
1186 3414 1225 3481 de
1249 3412 1365 3502 κόσμῳ
1388 3416 1540 3513 κεφαλῆς
1562 3433 1744 3510 usurpatum
1767 3413 1935 3512 γειρομό-

187 3557 300 3624 κιρων
324 3551 440 3596 ποιιιοιι
465 3524 592 3608 dixisse,
615 3539 648 3590 ct
667 3522 849 3614 καγγόνων
868 3523 948 3592 illud
968 3522 1153 3616 Sapplronis
1176 3523 1280 3618 verbis
1302 3525 1619 3614 adiiciendum'esse.
1652 3525 1721 3593 lam
1742 3526 1822 3594 sicut
1841 3523 1933 3594 Iliad.

187 3646 213 3722 ζ.
232 3651 306 3705 302.
329 3639 462 3707 πέπλον
484 3635 611 3705 ἑλοῦσα
633 3629 756 3704 Θεανιό
781 3631 1017 3728 καλλιπάρῃος
1037 3632 1149 3730 θῆκεν
1167 3630 1363 3731 ’Λθῆναίῆς
1382 3638 1435 3706 εἰιλ
1465 3633 1631 3726 γούνασιν
1659 3634 1836 3734 ἠϋκόμοιο,
1862 3659 1933 3704 sua-

188 3749 281 3817 dente
301 3745 431 3813 totidem
450 3745 554 3812 verbis
581 3744 706 3811 Heleno
728 3769 775 3812 vs.
792 3758 843 3828 92,
869 3745 915 3812 ita
939 3760 1074 3837 apparet
1097 3741 1221 3810 Veneri
1251 3744 1367 3812 donum
1399 3743 1529 3838 aliquod
1560 3745 1641 3812 mitti
1661 3741 1730 3834 κόγ
1749 3742 1872 3835 γόνων,
1899 3744 1933 3813 id

138 3927 143 3934 ,
187 3872 236 3926 est
258 3851 349 3929 κακοὶ
369 3853 536 3943 γονάτων.
582 3850 670 3922 Nam
695 3871 726 3922 ct
749 3855 788 3923 de
804 3853 908 3921 forma
923 3852 1094 3946 particulae
1116 3851 1343 3922 dubitationem
1363 3855 1502 3922 eximunt
1525 3854 1731 3922 Homericum
1754 3841 1933 3945 κόγγόνυ,

187 3982 219 4035 et
242 3964 325 4058 quod
345 3963 378 4030 iu
403 3963 659 4056 inscriptionibus
680 3963 795 4057 legitur
818 3959 886 4053 κόγ
906 3962 985 4052 γᾶν,
1016 3979 1048 4030 et
1071 3978 1215 4057 potestas
1245 3964 1311 4031 eins
1342 3962 1455 4032 similis
1479 3981 1530 4032 est
1551 3964 1696 4036 dictionis
1717 3965 1870 4060 proximis
1895 3963 1932 4032 li·

186 4074 255 4146 neis
280 4073 320 4141 ab
345 4071 508 4141 Athenaeo
529 4073 715 4160 illustratae,
739 4070 830 4144 καιοῖ
850 4070 967 4168 χειρός
987 4101 1055 4143 τινι
1074 4070 1168 4168 ὕδωρ
1190 4066 1332 4153 διδόναι,
1354 4099 1456 4166 neque
1476 4073 1581 4168 ipsum
1604 4075 1719 4166 γόνων
1741 4099 1800 4169 pro
1823 4074 1932 4142 lonico
1999 4115 2005 4120 -

188 4181 324 4278 γοόνιον
347 4181 594 4276 inexspectatum
615 4201 664 4252 est
688 4184 773 4278 apud
795 4183 950 4277 poetriam
974 4181 1134 4264 Aeoliam,
1166 4205 1248 4274 quae
1272 4207 1350 4274 gens
1371 4184 1467 4250 etiam
1489 4181 1641 4280 ὀρεινόν,
1667 4181 1801 4276 βολοῖν,
1825 4183 1934 4276 βόλε-

187 4302 275 4368 odae
297 4291 488 4390 proferebat.
525 4293 574 4360 Ac
599 4293 713 4362 diserte
730 4291 913 4388 Stephanus
936 4290 1109 4384 Byzantius
1134 4317 1164 4358 v.
1178 4289 1324 4363 Γόννοιι
1354 4295 1388 4362 Γ
1384 4289 1450 4364 όνα
1478 4293 1545 4390 γάρ
1572 4301 1607 4365 οἱ
1631 4293 1773 4374 Αἰολεῖς
1800 4295 1845 4366 roi
1872 4292 1934 4384 γό-

187 4433 287 4478 νατα.
340 4401 407 4470 Ubi
430 4401 490 4469 etsi
510 4402 665 4498 scriptura
688 4403 781 4470 codd.
798 4402 899 4471 Voss.
916 4418 947 4470 et
962 4399 1100 4494 Rehdig.
1117 4398 1227 4491 γόννα
1246 4401 1454 4494 praeferatur,
1484 4431 1524 4474 uc
1549 4401 1685 4474 alterum
1702 4406 1832 4498 quidem
1854 4404 1932 4474 abii·

188 4515 316 4604 ciemus,
347 4531 442 4605 quum
473 4512 591 4606 pariter
619 4509 736 4604 βολλοὶ
764 4528 796 4580 et
817 4509 912 4605 βολό
936 4512 1140 4605 reperiantur,
1170 4529 1205 4580 ut
1228 4511 1313 4607 apud
1337 4511 1544 4609 Sapphonem
1569 4513 1684 4607 fragm.
1700 4513 1789 4582 XXI.
1806 4519 1934 4610 περ’ρε-

187 4625 305 4712 μένον,
330 4623 444 4716 fragm.
460 4621 582 4689 XXIII.
599 4623 783 4708 ἐπεμμένα,
805 4621 887 4690 lecta
902 4638 984 4692 sunt
1018 4621 1094 4690 Hoc
1109 4622 1202 4714 igitur
1221 4622 1249 4690 si
1267 4623 1526 4717 vere-statuimus
1551 4623 1591 4692 de
1613 4623 1714 4692 altero
1738 4623 1934 4714 καγγόνιον,

187 4733 293 4828 priore
315 4731 386 4800 loco
409 4730 596 4802 vocabulum
619 4731 698 4802 illud
721 4731 964 4828 expungendum
986 4748 1045 4816 est,
1074 4729 1263 4818 inculcatum
1286 4732 1331 4801 ibi
1351 4731 1456 4816 abeo,
1487 4723 1594 4826 quiin
1618 4733 1750 4827 vulgari.
1765 4734 1933 4803 verborum
