<?xml version="1.0" encoding="UTF-8"?>
<!DOCTYPE html PUBLIC "-//W3C//DTD XHTML 1.0 Transitional//EN"
    "http://www.w3.org/TR/xhtml1/DTD/xhtml1-transitional.dtd">
<html xmlns="http://www.w3.org/1999/xhtml" xml:lang="en" lang="en">
 <head>
  <title>
</title>
<meta http-equiv="Content-Type" content="text/html;charset=utf-8" />
  <meta name='ocr-system' content='tesseract 3.04.00' />
  <meta name='ocr-capabilities' content='ocr_page ocr_carea ocr_par ocr_line ocrx_word'/>
</head>
<body>
  <div class='ocr_page' id='page_1' title='image "./sapphonismytile00neuegoog_0045.png"; bbox 0 0 4242 5300; ppageno 0'>
   <div class='ocr_carea' id='block_1_1' title="bbox 52 453 1940 4066">
    <p class='ocr_par' dir='ltr' id='par_1_1' title="bbox 52 453 1940 4066">
     <span class='ocr_line' id='line_1_1' title="bbox 163 453 1914 556; baseline -0.005 -20"><span class='ocrx_word' id='word_1_1' title='bbox 163 463 268 536; x_wconf 74' lang='lat' dir='ltr'>o&#39;arooc¹</span> <span class='ocrx_word' id='word_1_2' title='bbox 288 462 440 556; x_wconf 82' lang='lat' dir='ltr'>scripturn</span> <span class='ocrx_word' id='word_1_3' title='bbox 463 459 568 545; x_wconf 88' lang='lat' dir='ltr'>tradit,</span> <span class='ocrx_word' id='word_1_4' title='bbox 589 459 688 527; x_wconf 90' lang='lat' dir='ltr'>Laur.</span> <span class='ocrx_word' id='word_1_5' title='bbox 703 457 918 554; x_wconf 81' lang='grc' dir='ltr'>εἰαρόμβεισι</span> <span class='ocrx_word' id='word_1_6' title='bbox 941 456 1107 530; x_wconf 75' lang='grc' dir='ltr'>δ’ἄκοιιαι.</span> <span class='ocrx_word' id='word_1_7' title='bbox 1143 459 1210 528; x_wconf 89' lang='lat' dir='ltr'>Sed</span> <span class='ocrx_word' id='word_1_8' title='bbox 1225 456 1433 528; x_wconf 87' lang='lat' dir='ltr'>Robortellus</span> <span class='ocrx_word' id='word_1_9' title='bbox 1449 453 1729 550; x_wconf 80' lang='grc' dir='ltr'>ιιᾰιιιβομβεῦσιν</span> <span class='ocrx_word' id='word_1_10' title='bbox 1743 455 1914 545; x_wconf 74' lang='lat' dir='ltr'>o&#39;duovat,</span> 
     </span>
     <span class='ocr_line' id='line_1_2' title="bbox 164 565 1917 666; baseline -0.004 -22"><span class='ocrx_word' id='word_1_11' title='bbox 164 601 236 644; x_wconf 91' lang='lat' dir='ltr'>cum</span> <span class='ocrx_word' id='word_1_12' title='bbox 259 572 409 642; x_wconf 87' lang='lat' dir='ltr'>Manutio</span> <span class='ocrx_word' id='word_1_13' title='bbox 431 570 573 666; x_wconf 82' lang='lat' dir='ltr'>plerique</span> <span class='ocrx_word' id='word_1_14' title='bbox 600 569 798 660; x_wconf 80' lang='grc' dir='ltr'>βομβεῦσιν</span> <span class='ocrx_word' id='word_1_15' title='bbox 822 567 851 639; x_wconf 73' lang='grc' dir='ltr'>δ’</span> <span class='ocrx_word' id='word_1_16' title='bbox 870 565 978 639; x_wconf 83' lang='grc' dir='ltr'><strong><em>α’κοαί</em></strong></span> <span class='ocrx_word' id='word_1_17' title='bbox 1000 598 1071 658; x_wconf 88' lang='grc' dir='ltr'>μοι,</span> <span class='ocrx_word' id='word_1_18' title='bbox 1103 593 1123 636; x_wconf 84' lang='lat' dir='ltr'>a</span> <span class='ocrx_word' id='word_1_19' title='bbox 1146 593 1209 661; x_wconf 92' lang='lat' dir='ltr'>qua</span> <span class='ocrx_word' id='word_1_20' title='bbox 1231 566 1366 636; x_wconf 84' lang='lat' dir='ltr'>lectio&#39;ne</span> <span class='ocrx_word' id='word_1_21' title='bbox 1389 566 1540 636; x_wconf 87' lang='lat' dir='ltr'>hactenus</span> <span class='ocrx_word' id='word_1_22' title='bbox 1563 569 1683 636; x_wconf 83' lang='lat' dir='ltr'><strong>recedit</strong></span> <span class='ocrx_word' id='word_1_23' title='bbox 1704 566 1857 653; x_wconf 86' lang='lat' dir='ltr'>Vossius,</span> <span class='ocrx_word' id='word_1_24' title='bbox 1879 584 1917 637; x_wconf 90' lang='lat' dir='ltr'>ut</span> 
     </span>
     <span class='ocr_line' id='line_1_3' title="bbox 162 675 1914 774; baseline -0.003 -22"><span class='ocrx_word' id='word_1_25' title='bbox 162 683 237 769; x_wconf 83' lang='lat' dir='ltr'>For,</span> <span class='ocrx_word' id='word_1_26' title='bbox 260 683 400 752; x_wconf 87' lang='lat' dir='ltr'>Ursinus</span> <span class='ocrx_word' id='word_1_27' title='bbox 422 695 454 748; x_wconf 90' lang='lat' dir='ltr'>et</span> <span class='ocrx_word' id='word_1_28' title='bbox 470 678 628 774; x_wconf 89' lang='lat' dir='ltr'>Toupius,</span> <span class='ocrx_word' id='word_1_29' title='bbox 651 693 686 746; x_wconf 87' lang='lat' dir='ltr'>ut</span> <span class='ocrx_word' id='word_1_30' title='bbox 707 675 876 768; x_wconf 55' lang='lat' dir='ltr'>,supplete</span> <span class='ocrx_word' id='word_1_31' title='bbox 898 680 938 748; x_wconf 80' lang='grc' dir='ltr'>ἐν</span> <span class='ocrx_word' id='word_1_32' title='bbox 960 679 1112 746; x_wconf 81' lang='lat' dir='ltr'>scribant.</span> <span class='ocrx_word' id='word_1_33' title='bbox 1144 676 1311 762; x_wconf 90' lang='lat' dir='ltr'>Boivinus,</span> <span class='ocrx_word' id='word_1_34' title='bbox 1334 675 1496 761; x_wconf 91' lang='lat' dir='ltr'>Pcarcius,</span> <span class='ocrx_word' id='word_1_35' title='bbox 1518 675 1707 762; x_wconf 77' lang='lat' dir='ltr'>anclrius,</span> <span class='ocrx_word' id='word_1_36' title='bbox 1729 675 1914 762; x_wconf 84' lang='lat' dir='ltr'>Weisldus,</span> 
     </span>
     <span class='ocr_line' id='line_1_4' title="bbox 162 785 1914 882; baseline -0.005 -19"><span class='ocrx_word' id='word_1_37' title='bbox 162 795 367 863; x_wconf 92' lang='lat' dir='ltr'>Hermannus</span> <span class='ocrx_word' id='word_1_38' title='bbox 395 789 483 857; x_wconf 90' lang='lat' dir='ltr'>verbi</span> <span class='ocrx_word' id='word_1_39' title='bbox 513 813 533 856; x_wconf 92' lang='lat' dir='ltr'>a</span> <span class='ocrx_word' id='word_1_40' title='bbox 560 787 657 856; x_wconf 86' lang='lat' dir='ltr'>codd.</span> <span class='ocrx_word' id='word_1_41' title='bbox 676 787 807 856; x_wconf 72' lang='lat' dir='ltr'>exhibiti</span> <span class='ocrx_word' id='word_1_42' title='bbox 834 785 937 856; x_wconf 87' lang='lat' dir='ltr'>solam</span> <span class='ocrx_word' id='word_1_43' title='bbox 966 788 1220 856; x_wconf 78' lang='lat' dir='ltr'>terminationem</span> <span class='ocrx_word' id='word_1_44' title='bbox 1246 801 1416 872; x_wconf 75' lang='lat' dir='ltr'>mutantur,</span> <span class='ocrx_word' id='word_1_45' title='bbox 1449 788 1700 882; x_wconf 77' lang='grc' dir='ltr'>ἐιιιρῤομβιιῖσι</span> <span class='ocrx_word' id='word_1_46' title='bbox 1729 787 1914 872; x_wconf 83' lang='lat' dir='ltr'>scribentes,</span> 
     </span>
     <span class='ocr_line' id='line_1_5' title="bbox 166 895 1918 998; baseline -0.001 -27"><span class='ocrx_word' id='word_1_47' title='bbox 166 928 228 998; x_wconf 84' lang='lat' dir='ltr'>qua</span> <span class='ocrx_word' id='word_1_48' title='bbox 251 904 289 971; x_wconf 92' lang='lat' dir='ltr'>de</span> <span class='ocrx_word' id='word_1_49' title='bbox 313 926 347 968; x_wconf 90' lang='lat' dir='ltr'>re</span> <span class='ocrx_word' id='word_1_50' title='bbox 371 899 504 967; x_wconf 83' lang='lat' dir='ltr'>diximus</span> <span class='ocrx_word' id='word_1_51' title='bbox 528 899 570 966; x_wconf 88' lang='lat' dir='ltr'>ad</span> <span class='ocrx_word' id='word_1_52' title='bbox 593 898 619 982; x_wconf 91' lang='lat' dir='ltr'>l,</span> <span class='ocrx_word' id='word_1_53' title='bbox 638 911 689 979; x_wconf 88' lang='grc'>19.</span> <span class='ocrx_word' id='word_1_54' title='bbox 729 896 792 964; x_wconf 87' lang='lat' dir='ltr'>Est</span> <span class='ocrx_word' id='word_1_55' title='bbox 814 921 889 965; x_wconf 85' lang='lat' dir='ltr'>vero</span> <span class='ocrx_word' id='word_1_56' title='bbox 912 895 990 965; x_wconf 91' lang='lat' dir='ltr'>illud</span> <span class='ocrx_word' id='word_1_57' title='bbox 1012 897 1144 972; x_wconf 85' lang='lat' dir='ltr'>verbum</span> <span class='ocrx_word' id='word_1_58' title='bbox 1166 895 1374 990; x_wconf 89' lang='lat' dir='ltr'>aptissimum,</span> <span class='ocrx_word' id='word_1_59' title='bbox 1396 895 1494 964; x_wconf 90' lang='lat' dir='ltr'>modo</span> <span class='ocrx_word' id='word_1_60' title='bbox 1516 896 1712 964; x_wconf 80' lang='lat' dir='ltr'>intransitive</span> <span class='ocrx_word' id='word_1_61' title='bbox 1735 895 1918 993; x_wconf 72' lang='lat' dir='ltr'>accipiatur.</span> 
     </span>
     <span class='ocr_line' id='line_1_6' title="bbox 160 1002 1915 1103; baseline -0.005 -21"><span class='ocrx_word' id='word_1_62' title='bbox 160 1011 225 1083; x_wconf 90' lang='lat' dir='ltr'>Vs.</span> <span class='ocrx_word' id='word_1_63' title='bbox 241 1027 290 1079; x_wconf 91' lang='grc'>13.</span> <span class='ocrx_word' id='word_1_64' title='bbox 313 1008 392 1078; x_wconf 90' lang='lat' dir='ltr'>Vat.</span> <span class='ocrx_word' id='word_1_65' title='bbox 406 1023 437 1076; x_wconf 78' lang='lat'>2.</span> <span class='ocrx_word' id='word_1_66' title='bbox 461 1013 498 1080; x_wconf 83' lang='grc' dir='ltr'>ἐκ</span> <span class='ocrx_word' id='word_1_67' title='bbox 518 1015 555 1078; x_wconf 80' lang='grc' dir='ltr'>δε</span> <span class='ocrx_word' id='word_1_68' title='bbox 576 1037 613 1096; x_wconf 87' lang='grc' dir='ltr'>μ,</span> <span class='ocrx_word' id='word_1_69' title='bbox 637 1005 752 1103; x_wconf 71' lang='grc' dir='ltr'><strong><em>ἔδρας,</em></strong></span> <span class='ocrx_word' id='word_1_70' title='bbox 777 1005 856 1074; x_wconf 90' lang='lat' dir='ltr'>Vat.</span> <span class='ocrx_word' id='word_1_71' title='bbox 871 1023 902 1074; x_wconf 81' lang='grc'>3.</span> <span class='ocrx_word' id='word_1_72' title='bbox 917 1011 1018 1077; x_wconf 62' lang='lat' dir='ltr'>aare</span> <span class='ocrx_word' id='word_1_73' title='bbox 1041 1004 1077 1095; x_wconf 85' lang='grc' dir='ltr'>μ’</span> <span class='ocrx_word' id='word_1_74' title='bbox 1101 1002 1216 1103; x_wconf 73' lang='grc' dir='ltr'><strong><em>ἕδρας,</em></strong></span> <span class='ocrx_word' id='word_1_75' title='bbox 1241 1005 1414 1099; x_wconf 88' lang='lat' dir='ltr'>eademque</span> <span class='ocrx_word' id='word_1_76' title='bbox 1436 1005 1470 1072; x_wconf 90' lang='lat' dir='ltr'>in</span> <span class='ocrx_word' id='word_1_77' title='bbox 1489 1004 1567 1074; x_wconf 92' lang='lat' dir='ltr'>Par.</span> <span class='ocrx_word' id='word_1_78' title='bbox 1587 1030 1658 1074; x_wconf 91' lang='lat' dir='ltr'>esse</span> <span class='ocrx_word' id='word_1_79' title='bbox 1682 1006 1791 1074; x_wconf 91' lang='lat' dir='ltr'>scribit</span> <span class='ocrx_word' id='word_1_80' title='bbox 1813 1004 1915 1074; x_wconf 91' lang='lat' dir='ltr'>Pear-</span> 
     </span>
     <span class='ocr_line' id='line_1_7' title="bbox 161 1101 1916 1212; baseline -0.003 -20"><span class='ocrx_word' id='word_1_81' title='bbox 161 1122 243 1206; x_wconf 88' lang='lat' dir='ltr'>cius,</span> <span class='ocrx_word' id='word_1_82' title='bbox 279 1146 318 1187; x_wconf 82' lang='lat' dir='ltr'>ex</span> <span class='ocrx_word' id='word_1_83' title='bbox 345 1142 408 1212; x_wconf 92' lang='lat' dir='ltr'>quo</span> <span class='ocrx_word' id='word_1_84' title='bbox 436 1101 569 1186; x_wconf 90' lang='lat' dir='ltr'>Bastius</span> <span class='ocrx_word' id='word_1_85' title='bbox 596 1115 674 1185; x_wconf 84' lang='lat' dir='ltr'>baec</span> <span class='ocrx_word' id='word_1_86' title='bbox 700 1115 856 1211; x_wconf 85' lang='lat' dir='ltr'>prodidit:</span> <span class='ocrx_word' id='word_1_87' title='bbox 887 1118 989 1186; x_wconf 77' lang='grc' dir='ltr'><strong><em>ἐκαδι</em></strong></span> <span class='ocrx_word' id='word_1_88' title='bbox 1015 1113 1051 1204; x_wconf 83' lang='grc' dir='ltr'>μ’</span> <span class='ocrx_word' id='word_1_89' title='bbox 1069 1117 1182 1212; x_wconf 81' lang='grc' dir='ltr'>ἱδριιῖς.</span> <span class='ocrx_word' id='word_1_90' title='bbox 1227 1115 1354 1184; x_wconf 85' lang='lat' dir='ltr'>Deinde</span> <span class='ocrx_word' id='word_1_91' title='bbox 1370 1112 1449 1182; x_wconf 90' lang='lat' dir='ltr'>Vat.</span> <span class='ocrx_word' id='word_1_92' title='bbox 1468 1127 1499 1181; x_wconf 78' lang='lat'>2.</span> <span class='ocrx_word' id='word_1_93' title='bbox 1516 1131 1548 1184; x_wconf 84' lang='grc'>3.</span> <span class='ocrx_word' id='word_1_94' title='bbox 1571 1118 1765 1208; x_wconf 48' lang='lat' dir='ltr'>aamercort</span> <span class='ocrx_word' id='word_1_95' title='bbox 1787 1112 1916 1211; x_wconf 78' lang='grc' dir='ltr'>τρόμος</span> 
     </span>
     <span class='ocr_line' id='line_1_8' title="bbox 162 1221 1917 1323; baseline -0.005 -21"><span class='ocrx_word' id='word_1_96' title='bbox 162 1230 202 1303; x_wconf 71' lang='grc' dir='ltr'>δὲ</span> <span class='ocrx_word' id='word_1_97' title='bbox 221 1227 355 1316; x_wconf 79' lang='grc' dir='ltr'><strong><em>πᾶσα,ν’</em></strong></span> <span class='ocrx_word' id='word_1_98' title='bbox 364 1227 477 1323; x_wconf 79' lang='grc' dir='ltr'><strong><em>ἀγρεῖ,</em></strong></span> <span class='ocrx_word' id='word_1_99' title='bbox 509 1225 588 1294; x_wconf 90' lang='lat' dir='ltr'>Par.</span> <span class='ocrx_word' id='word_1_100' title='bbox 611 1225 783 1294; x_wconf 76' lang='lat' dir='ltr'>secumdum</span> <span class='ocrx_word' id='word_1_101' title='bbox 803 1225 952 1294; x_wconf 89' lang='lat' dir='ltr'>Bastium</span> <span class='ocrx_word' id='word_1_102' title='bbox 973 1221 1175 1316; x_wconf 77' lang='grc' dir='ltr'><strong><em>κάιιχέεται</em></strong></span> <span class='ocrx_word' id='word_1_103' title='bbox 1194 1223 1321 1322; x_wconf 80' lang='grc' dir='ltr'><em>τρόμος</em></span> <span class='ocrx_word' id='word_1_104' title='bbox 1341 1225 1380 1296; x_wconf 74' lang='grc' dir='ltr'>δὲ</span> <span class='ocrx_word' id='word_1_105' title='bbox 1397 1221 1472 1295; x_wconf 74' lang='lat' dir='ltr'>ueio&#39;</span> <span class='ocrx_word' id='word_1_106' title='bbox 1492 1223 1647 1320; x_wconf 78' lang='grc' dir='ltr'><strong><em>α’ναγρεῖ,</em></strong></span> <span class='ocrx_word' id='word_1_107' title='bbox 1676 1224 1828 1294; x_wconf 85' lang='lat' dir='ltr'>Pcarcius</span> <span class='ocrx_word' id='word_1_108' title='bbox 1844 1251 1917 1294; x_wconf 89' lang='lat' dir='ltr'>eum</span> 
     </span>
     <span class='ocr_line' id='line_1_9' title="bbox 164 1333 1914 1430; baseline -0.005 -18"><span class='ocrx_word' id='word_1_109' title='bbox 164 1367 237 1412; x_wconf 80' lang='grc' dir='ltr'>ιιιιιι</span> <span class='ocrx_word' id='word_1_110' title='bbox 257 1337 427 1409; x_wconf 80' lang='lat' dir='ltr'>Vaticanis</span> <span class='ocrx_word' id='word_1_111' title='bbox 451 1336 634 1430; x_wconf 88' lang='lat' dir='ltr'>conspirare</span> <span class='ocrx_word' id='word_1_112' title='bbox 658 1334 744 1403; x_wconf 90' lang='lat' dir='ltr'>dicit.</span> <span class='ocrx_word' id='word_1_113' title='bbox 788 1333 841 1402; x_wconf 88' lang='lat' dir='ltr'>Ex</span> <span class='ocrx_word' id='word_1_114' title='bbox 862 1333 975 1402; x_wconf 87' lang='lat' dir='ltr'>Ambr.</span> <span class='ocrx_word' id='word_1_115' title='bbox 991 1350 1023 1402; x_wconf 90' lang='lat' dir='ltr'>et</span> <span class='ocrx_word' id='word_1_116' title='bbox 1036 1333 1089 1401; x_wconf 89' lang='lat' dir='ltr'>El.</span> <span class='ocrx_word' id='word_1_117' title='bbox 1105 1350 1235 1404; x_wconf 89' lang='lat' dir='ltr'>notatur</span> <span class='ocrx_word' id='word_1_118' title='bbox 1248 1335 1357 1430; x_wconf 70' lang='grc' dir='ltr'>ἀγρεῖ.</span> <span class='ocrx_word' id='word_1_119' title='bbox 1403 1333 1612 1403; x_wconf 88' lang='lat' dir='ltr'>Robortellus</span> <span class='ocrx_word' id='word_1_120' title='bbox 1635 1338 1672 1406; x_wconf 83' lang='grc' dir='ltr'>ἐκ</span> <span class='ocrx_word' id='word_1_121' title='bbox 1694 1335 1734 1406; x_wconf 70' lang='grc' dir='ltr'>δέ</span> <span class='ocrx_word' id='word_1_122' title='bbox 1758 1335 1839 1424; x_wconf 65' lang='lat' dir='ltr'>pari,</span> <span class='ocrx_word' id='word_1_123' title='bbox 1864 1360 1914 1404; x_wconf 87' lang='lat' dir='ltr'>se·</span> 
     </span>
     <span class='ocr_line' id='line_1_10' title="bbox 163 1439 1940 1543; baseline -0.002 -25"><span class='ocrx_word' id='word_1_124' title='bbox 163 1449 269 1543; x_wconf 87' lang='lat' dir='ltr'>quitur</span> <span class='ocrx_word' id='word_1_125' title='bbox 291 1446 363 1516; x_wconf 86' lang='lat' dir='ltr'>talis</span> <span class='ocrx_word' id='word_1_126' title='bbox 385 1471 507 1530; x_wconf 87' lang='lat' dir='ltr'>versus,</span> <span class='ocrx_word' id='word_1_127' title='bbox 529 1443 667 1539; x_wconf 79' lang='grc' dir='ltr'><strong><em>ψαχρός</em></strong></span> <span class='ocrx_word' id='word_1_128' title='bbox 687 1439 793 1540; x_wconf 76' lang='grc' dir='ltr'><strong><em>ἰδρας</em></strong></span> <span class='ocrx_word' id='word_1_129' title='bbox 813 1447 978 1534; x_wconf 77' lang='grc' dir='ltr'><strong><em>ἕκχὲιται,</em></strong></span> <span class='ocrx_word' id='word_1_130' title='bbox 999 1441 1126 1539; x_wconf 81' lang='grc' dir='ltr'><strong><em>τρόμος</em></strong></span> <span class='ocrx_word' id='word_1_131' title='bbox 1148 1445 1188 1515; x_wconf 80' lang='lat' dir='ltr'>de&#39;</span> <span class='ocrx_word' id='word_1_132' title='bbox 1208 1445 1332 1516; x_wconf 78' lang='grc' dir='ltr'><strong><em>πᾶσαν.</em></strong></span> <span class='ocrx_word' id='word_1_133' title='bbox 1379 1444 1525 1514; x_wconf 84' lang='lat' dir='ltr'>Correxit</span> <span class='ocrx_word' id='word_1_134' title='bbox 1539 1444 1717 1530; x_wconf 84' lang='lat' dir='ltr'>Manutius,</span> <span class='ocrx_word' id='word_1_135' title='bbox 1741 1446 1795 1539; x_wconf 84' lang='lat' dir='ltr'>qui</span> <span class='ocrx_word' id='word_1_136' title='bbox 1810 1462 1917 1516; x_wconf 85' lang='lat' dir='ltr'>tamen</span> <span class='ocrx_word' id='word_1_137' title='bbox 1935 1511 1940 1533; x_wconf 65' lang='lat'>,</span> 
     </span>
     <span class='ocr_line' id='line_1_11' title="bbox 123 1553 1916 1655; baseline -0.004 -24"><span class='ocrx_word' id='word_1_138' title='bbox 123 1629 124 1632; x_wconf 73' lang='grc'>,</span> <span class='ocrx_word' id='word_1_139' title='bbox 162 1565 259 1655; x_wconf 77' lang='grc' dir='ltr'><strong><em>αἱρεῖ</em></strong></span> <span class='ocrx_word' id='word_1_140' title='bbox 288 1557 424 1652; x_wconf 87' lang='lat' dir='ltr'>scripsit.</span> <span class='ocrx_word' id='word_1_141' title='bbox 468 1555 643 1648; x_wconf 86' lang='lat' dir='ltr'>Antiquam</span> <span class='ocrx_word' id='word_1_142' title='bbox 665 1554 753 1622; x_wconf 86' lang='lat' dir='ltr'>verbi</span> <span class='ocrx_word' id='word_1_143' title='bbox 780 1554 932 1638; x_wconf 83' lang='lat' dir='ltr'>formam,</span> <span class='ocrx_word' id='word_1_144' title='bbox 965 1579 1061 1647; x_wconf 88' lang='lat' dir='ltr'>quarn</span> <span class='ocrx_word' id='word_1_145' title='bbox 1083 1553 1221 1622; x_wconf 86' lang='lat' dir='ltr'>Ursinus</span> <span class='ocrx_word' id='word_1_146' title='bbox 1246 1578 1372 1648; x_wconf 88' lang='lat' dir='ltr'>quoque</span> <span class='ocrx_word' id='word_1_147' title='bbox 1394 1554 1428 1622; x_wconf 94' lang='lat' dir='ltr'>in</span> <span class='ocrx_word' id='word_1_148' title='bbox 1448 1553 1538 1622; x_wconf 92' lang='lat' dir='ltr'>libris</span> <span class='ocrx_word' id='word_1_149' title='bbox 1562 1555 1752 1648; x_wconf 87' lang='lat' dir='ltr'>quibusdam</span> <span class='ocrx_word' id='word_1_150' title='bbox 1773 1571 1916 1624; x_wconf 89' lang='lat' dir='ltr'>notatam</span> 
     </span>
     <span class='ocr_line' id='line_1_12' title="bbox 169 1661 1916 1758; baseline -0.002 -19"><span class='ocrx_word' id='word_1_151' title='bbox 169 1669 254 1752; x_wconf 88' lang='lat' dir='ltr'>dicit,</span> <span class='ocrx_word' id='word_1_152' title='bbox 277 1693 295 1735; x_wconf 93' lang='lat' dir='ltr'>e</span> <span class='ocrx_word' id='word_1_153' title='bbox 318 1665 424 1735; x_wconf 92' lang='lat' dir='ltr'>codice</span> <span class='ocrx_word' id='word_1_154' title='bbox 448 1688 507 1732; x_wconf 92' lang='lat' dir='ltr'>suo</span> <span class='ocrx_word' id='word_1_155' title='bbox 529 1663 687 1732; x_wconf 88' lang='lat' dir='ltr'>revocavit</span> <span class='ocrx_word' id='word_1_156' title='bbox 708 1661 860 1748; x_wconf 86' lang='lat' dir='ltr'>Vossius,</span> <span class='ocrx_word' id='word_1_157' title='bbox 888 1662 1029 1731; x_wconf 81' lang='lat' dir='ltr'>adbibita</span> <span class='ocrx_word' id='word_1_158' title='bbox 1052 1661 1166 1758; x_wconf 87' lang='lat' dir='ltr'>lragm.</span> <span class='ocrx_word' id='word_1_159' title='bbox 1178 1662 1251 1731; x_wconf 90' lang='lat' dir='ltr'>XL.</span> <span class='ocrx_word' id='word_1_160' title='bbox 1267 1664 1360 1733; x_wconf 93' lang='lat' dir='ltr'>simul</span> <span class='ocrx_word' id='word_1_161' title='bbox 1383 1691 1454 1733; x_wconf 91' lang='lat' dir='ltr'>cum</span> <span class='ocrx_word' id='word_1_162' title='bbox 1476 1664 1586 1756; x_wconf 83' lang='lat' dir='ltr'>glossa</span> <span class='ocrx_word' id='word_1_163' title='bbox 1608 1661 1780 1758; x_wconf 87' lang='lat' dir='ltr'>Hesychii:</span> <span class='ocrx_word' id='word_1_164' title='bbox 1810 1693 1916 1736; x_wconf 81' lang='grc' dir='ltr'><strong><em>κατα·</em></strong></span> 
     </span>
     <span class='ocr_line' id='line_1_13' title="bbox 163 1769 1915 1873; baseline 0 -27"><span class='ocrx_word' id='word_1_165' title='bbox 163 1785 254 1873; x_wconf 66' lang='lat' dir='ltr'>ypsi,</span> <span class='ocrx_word' id='word_1_166' title='bbox 284 1781 469 1870; x_wconf 68' lang='grc' dir='ltr'><strong><em>καθαιρεῖ,</em></strong></span> <span class='ocrx_word' id='word_1_167' title='bbox 499 1769 786 1863; x_wconf 75' lang='grc' dir='ltr'><strong><em>καταλαμβάνει,</em></strong></span> <span class='ocrx_word' id='word_1_168' title='bbox 823 1797 959 1866; x_wconf 81' lang='lat' dir='ltr'>qrracum</span> <span class='ocrx_word' id='word_1_169' title='bbox 981 1772 1133 1842; x_wconf 83' lang='lat' dir='ltr'>Albertus</span> <span class='ocrx_word' id='word_1_170' title='bbox 1158 1773 1281 1842; x_wconf 83' lang='lat' dir='ltr'>confert</span> <span class='ocrx_word' id='word_1_171' title='bbox 1303 1774 1445 1843; x_wconf 90' lang='lat' dir='ltr'>eiusdem</span> <span class='ocrx_word' id='word_1_172' title='bbox 1467 1773 1593 1867; x_wconf 81' lang='lat' dir='ltr'>glossas</span> <span class='ocrx_word' id='word_1_173' title='bbox 1618 1771 1657 1840; x_wconf 93' lang='lat' dir='ltr'>de</span> <span class='ocrx_word' id='word_1_174' title='bbox 1681 1801 1731 1840; x_wconf 85' lang='lat' dir='ltr'>vv.</span> <span class='ocrx_word' id='word_1_175' title='bbox 1757 1771 1915 1870; x_wconf 77' lang='grc' dir='ltr'>ᾰγριῒιαι</span> 
     </span>
     <span class='ocr_line' id='line_1_14' title="bbox 164 1879 1915 1980; baseline -0.001 -24"><span class='ocrx_word' id='word_1_176' title='bbox 164 1904 196 1956; x_wconf 86' lang='lat' dir='ltr'>ct</span> <span class='ocrx_word' id='word_1_177' title='bbox 218 1885 436 1979; x_wconf 77' lang='grc' dir='ltr'><strong><em>ἱιιιιαγρέτας.</em></strong></span> <span class='ocrx_word' id='word_1_178' title='bbox 478 1882 572 1951; x_wconf 88' lang='lat' dir='ltr'>Adde</span> <span class='ocrx_word' id='word_1_179' title='bbox 593 1881 764 1951; x_wconf 88' lang='lat' dir='ltr'>Homerica</span> <span class='ocrx_word' id='word_1_180' title='bbox 786 1879 1030 1978; x_wconf 73' lang='lat' dir='ltr'>uatrrdypcroc</span> <span class='ocrx_word' id='word_1_181' title='bbox 1052 1899 1083 1950; x_wconf 89' lang='lat' dir='ltr'>et</span> <span class='ocrx_word' id='word_1_182' title='bbox 1105 1881 1323 1980; x_wconf 62' lang='grc' dir='ltr'><strong><em>αὐτάγρετα.</em></strong></span> <span class='ocrx_word' id='word_1_183' title='bbox 1370 1882 1583 1979; x_wconf 86' lang='lat' dir='ltr'>Typograpbi</span> <span class='ocrx_word' id='word_1_184' title='bbox 1604 1899 1769 1978; x_wconf 90' lang='lat' dir='ltr'>peceatum</span> <span class='ocrx_word' id='word_1_185' title='bbox 1790 1911 1828 1953; x_wconf 86' lang='lat' dir='ltr'>ex</span> <span class='ocrx_word' id='word_1_186' title='bbox 1850 1885 1915 1971; x_wconf 88' lang='lat' dir='ltr'>edi·</span> 
     </span>
     <span class='ocr_line' id='line_1_15' title="bbox 165 1985 1916 2089; baseline 0 -25"><span class='ocrx_word' id='word_1_187' title='bbox 165 1995 249 2064; x_wconf 90' lang='lat' dir='ltr'>tione</span> <span class='ocrx_word' id='word_1_188' title='bbox 273 1985 423 2077; x_wconf 75' lang='lat' dir='ltr'>Marulli,</span> <span class='ocrx_word' id='word_1_189' title='bbox 446 1995 657 2089; x_wconf 75' lang='grc' dir='ltr'><strong><em>χλαροιέρη,</em></strong></span> <span class='ocrx_word' id='word_1_190' title='bbox 680 1991 873 2086; x_wconf 89' lang='lat' dir='ltr'>repetierunt</span> <span class='ocrx_word' id='word_1_191' title='bbox 895 1991 1045 2075; x_wconf 89' lang='lat' dir='ltr'>Ursinus,</span> <span class='ocrx_word' id='word_1_192' title='bbox 1076 1991 1269 2086; x_wconf 85' lang='lat' dir='ltr'>Stephanus,</span> <span class='ocrx_word' id='word_1_193' title='bbox 1291 1989 1444 2061; x_wconf 83' lang='lat' dir='ltr'>Vossius.</span> <span class='ocrx_word' id='word_1_194' title='bbox 1498 1991 1635 2060; x_wconf 81' lang='lat' dir='ltr'>Robort.</span> <span class='ocrx_word' id='word_1_195' title='bbox 1651 2007 1683 2060; x_wconf 90' lang='lat' dir='ltr'>et</span> <span class='ocrx_word' id='word_1_196' title='bbox 1705 1993 1798 2061; x_wconf 89' lang='lat' dir='ltr'>codd.</span> <span class='ocrx_word' id='word_1_197' title='bbox 1821 2001 1916 2084; x_wconf 77' lang='grc' dir='ltr'><strong><em>χλα-</em></strong></span> 
     </span>
     <span class='ocr_line' id='line_1_16' title="bbox 166 2099 1916 2202; baseline -0.002 -25"><span class='ocrx_word' id='word_1_198' title='bbox 166 2106 303 2202; x_wconf 61' lang='lat' dir='ltr'>potabo.</span> <span class='ocrx_word' id='word_1_199' title='bbox 349 2101 418 2170; x_wconf 92' lang='lat' dir='ltr'>Pro</span> <span class='ocrx_word' id='word_1_200' title='bbox 440 2108 539 2181; x_wconf 76' lang='grc' dir='ltr'><strong><em>ιιοίας</em></strong></span> <span class='ocrx_word' id='word_1_201' title='bbox 560 2100 702 2170; x_wconf 87' lang='lat' dir='ltr'>Vossius</span> <span class='ocrx_word' id='word_1_202' title='bbox 725 2099 844 2188; x_wconf 74' lang='grc' dir='ltr'><strong><em>ιιούας,</em></strong></span> <span class='ocrx_word' id='word_1_203' title='bbox 868 2100 954 2194; x_wconf 92' lang='lat' dir='ltr'>quod</span> <span class='ocrx_word' id='word_1_204' title='bbox 976 2126 993 2167; x_wconf 93' lang='lat' dir='ltr'>e</span> <span class='ocrx_word' id='word_1_205' title='bbox 1016 2099 1089 2171; x_wconf 79' lang='lat' dir='ltr'>ndF</span> <span class='ocrx_word' id='word_1_206' title='bbox 1091 2129 1133 2181; x_wconf 82' lang='grc' dir='ltr'><strong><em>ας</em></strong></span> <span class='ocrx_word' id='word_1_207' title='bbox 1156 2102 1290 2186; x_wconf 86' lang='lat' dir='ltr'>deducit,</span> <span class='ocrx_word' id='word_1_208' title='bbox 1313 2128 1351 2170; x_wconf 89' lang='lat' dir='ltr'>ex</span> <span class='ocrx_word' id='word_1_209' title='bbox 1373 2101 1490 2188; x_wconf 88' lang='lat' dir='ltr'>codice,</span> <span class='ocrx_word' id='word_1_210' title='bbox 1511 2118 1547 2172; x_wconf 89' lang='lat' dir='ltr'>ut</span> <span class='ocrx_word' id='word_1_211' title='bbox 1568 2103 1622 2171; x_wconf 78' lang='lat' dir='ltr'>ait.</span> <span class='ocrx_word' id='word_1_212' title='bbox 1666 2103 1757 2172; x_wconf 87' lang='lat' dir='ltr'>Idem</span> <span class='ocrx_word' id='word_1_213' title='bbox 1780 2105 1916 2174; x_wconf 86' lang='lat' dir='ltr'>vocabu·</span> 
     </span>
     <span class='ocr_line' id='line_1_17' title="bbox 165 2208 1917 2306; baseline 0.001 -24"><span class='ocrx_word' id='word_1_214' title='bbox 165 2214 233 2284; x_wconf 86' lang='lat' dir='ltr'>lum</span> <span class='ocrx_word' id='word_1_215' title='bbox 265 2211 471 2282; x_wconf 87' lang='lat' dir='ltr'>Eicbstadius</span> <span class='ocrx_word' id='word_1_216' title='bbox 508 2209 643 2300; x_wconf 84' lang='lat' dir='ltr'>Quaest.</span> <span class='ocrx_word' id='word_1_217' title='bbox 659 2208 771 2304; x_wconf 88' lang='lat' dir='ltr'>philol.</span> <span class='ocrx_word' id='word_1_218' title='bbox 788 2233 872 2304; x_wconf 90' lang='lat' dir='ltr'>spec.</span> <span class='ocrx_word' id='word_1_219' title='bbox 889 2210 915 2277; x_wconf 94' lang='grc' dir='ltr'>Ι.</span> <span class='ocrx_word' id='word_1_220' title='bbox 931 2236 964 2304; x_wconf 92' lang='lat' dir='ltr'>p.</span> <span class='ocrx_word' id='word_1_221' title='bbox 975 2208 1030 2277; x_wconf 82' lang='lat'>61.</span> <span class='ocrx_word' id='word_1_222' title='bbox 1044 2226 1080 2278; x_wconf 90' lang='lat' dir='ltr'>ut</span> <span class='ocrx_word' id='word_1_223' title='bbox 1107 2209 1293 2304; x_wconf 88' lang='lat' dir='ltr'>languidum</span> <span class='ocrx_word' id='word_1_224' title='bbox 1324 2212 1638 2306; x_wconf 86' lang='lat' dir='ltr'>interpretamentum</span> <span class='ocrx_word' id='word_1_225' title='bbox 1669 2214 1782 2281; x_wconf 87' lang='lat' dir='ltr'>cedere</span> <span class='ocrx_word' id='word_1_226' title='bbox 1818 2213 1917 2284; x_wconf 81' lang='lat' dir='ltr'>voluit</span> 
     </span>
     <span class='ocr_line' id='line_1_18' title="bbox 165 2318 1916 2413; baseline -0.001 -19"><span class='ocrx_word' id='word_1_227' title='bbox 165 2349 258 2394; x_wconf 81' lang='lat' dir='ltr'>verae</span> <span class='ocrx_word' id='word_1_228' title='bbox 280 2322 407 2391; x_wconf 88' lang='lat' dir='ltr'>lectioni</span> <span class='ocrx_word' id='word_1_229' title='bbox 428 2319 550 2413; x_wconf 70' lang='lat' dir='ltr'>adpo,</span> <span class='ocrx_word' id='word_1_230' title='bbox 587 2345 683 2412; x_wconf 91' lang='lat' dir='ltr'>quam</span> <span class='ocrx_word' id='word_1_231' title='bbox 706 2346 722 2388; x_wconf 89' lang='lat' dir='ltr'>e</span> <span class='ocrx_word' id='word_1_232' title='bbox 747 2318 857 2402; x_wconf 88' lang='lat' dir='ltr'>Scbol.</span> <span class='ocrx_word' id='word_1_233' title='bbox 874 2318 1014 2387; x_wconf 85' lang='lat' dir='ltr'>Theocr.</span> <span class='ocrx_word' id='word_1_234' title='bbox 1030 2333 1061 2405; x_wconf 81' lang='lat'>2,</span> <span class='ocrx_word' id='word_1_235' title='bbox 1078 2327 1131 2388; x_wconf 83' lang='grc'>88.</span> <span class='ocrx_word' id='word_1_236' title='bbox 1155 2320 1216 2388; x_wconf 91' lang='lat' dir='ltr'>sibi</span> <span class='ocrx_word' id='word_1_237' title='bbox 1237 2321 1403 2391; x_wconf 88' lang='lat' dir='ltr'>videbatur</span> <span class='ocrx_word' id='word_1_238' title='bbox 1430 2320 1567 2390; x_wconf 85' lang='lat' dir='ltr'>eruisse:</span> <span class='ocrx_word' id='word_1_239' title='bbox 1601 2348 1711 2390; x_wconf 87' lang='lat' dir='ltr'>verum</span> <span class='ocrx_word' id='word_1_240' title='bbox 1732 2340 1768 2392; x_wconf 92' lang='lat' dir='ltr'>ut</span> <span class='ocrx_word' id='word_1_241' title='bbox 1791 2322 1916 2393; x_wconf 89' lang='lat' dir='ltr'>Scholi-</span> 
     </span>
     <span class='ocr_line' id='line_1_19' title="bbox 165 2427 1916 2528; baseline -0.001 -25"><span class='ocrx_word' id='word_1_242' title='bbox 165 2450 269 2504; x_wconf 86' lang='lat' dir='ltr'>astam</span> <span class='ocrx_word' id='word_1_243' title='bbox 292 2431 379 2501; x_wconf 91' lang='lat' dir='ltr'>aliud</span> <span class='ocrx_word' id='word_1_244' title='bbox 402 2431 505 2499; x_wconf 89' lang='lat' dir='ltr'>dicere</span> <span class='ocrx_word' id='word_1_245' title='bbox 530 2429 649 2497; x_wconf 89' lang='lat' dir='ltr'>dudum</span> <span class='ocrx_word' id='word_1_246' title='bbox 672 2429 818 2497; x_wconf 85' lang='lat' dir='ltr'>viderunt</span> <span class='ocrx_word' id='word_1_247' title='bbox 840 2429 880 2495; x_wconf 86' lang='lat' dir='ltr'>A.</span> <span class='ocrx_word' id='word_1_248' title='bbox 894 2427 1106 2498; x_wconf 87' lang='lat' dir='ltr'>Schneiderus</span> <span class='ocrx_word' id='word_1_249' title='bbox 1130 2445 1162 2496; x_wconf 89' lang='lat' dir='ltr'>et</span> <span class='ocrx_word' id='word_1_250' title='bbox 1183 2428 1347 2523; x_wconf 86' lang='lat' dir='ltr'>Volgerus</span> <span class='ocrx_word' id='word_1_251' title='bbox 1370 2431 1530 2526; x_wconf 87' lang='lat' dir='ltr'>exipsius</span> <span class='ocrx_word' id='word_1_252' title='bbox 1553 2431 1669 2516; x_wconf 84' lang='lat' dir='ltr'>verbis,</span> <span class='ocrx_word' id='word_1_253' title='bbox 1698 2457 1779 2527; x_wconf 89' lang='lat' dir='ltr'>quae</span> <span class='ocrx_word' id='word_1_254' title='bbox 1802 2433 1916 2528; x_wconf 82' lang='lat' dir='ltr'>fragm.</span> 
     </span>
     <span class='ocr_line' id='line_1_20' title="bbox 169 2536 1916 2635; baseline 0 -21"><span class='ocrx_word' id='word_1_255' title='bbox 169 2542 294 2614; x_wconf 85' lang='lat' dir='ltr'>CVIII.</span> <span class='ocrx_word' id='word_1_256' title='bbox 318 2539 538 2622; x_wconf 85' lang='lat' dir='ltr'>adscribimus,</span> <span class='ocrx_word' id='word_1_257' title='bbox 561 2539 606 2606; x_wconf 90' lang='lat' dir='ltr'>ita</span> <span class='ocrx_word' id='word_1_258' title='bbox 627 2563 695 2606; x_wconf 89' lang='lat' dir='ltr'>rem</span> <span class='ocrx_word' id='word_1_259' title='bbox 717 2539 844 2633; x_wconf 88' lang='lat' dir='ltr'>expedit</span> <span class='ocrx_word' id='word_1_260' title='bbox 864 2537 974 2605; x_wconf 90' lang='lat' dir='ltr'>Pbotii</span> <span class='ocrx_word' id='word_1_261' title='bbox 997 2536 1085 2606; x_wconf 90' lang='lat' dir='ltr'>loeus</span> <span class='ocrx_word' id='word_1_262' title='bbox 1108 2556 1220 2632; x_wconf 89' lang='lat' dir='ltr'>postea</span> <span class='ocrx_word' id='word_1_263' title='bbox 1242 2540 1274 2607; x_wconf 92' lang='lat' dir='ltr'>in</span> <span class='ocrx_word' id='word_1_264' title='bbox 1298 2539 1399 2608; x_wconf 87' lang='lat' dir='ltr'>lucem</span> <span class='ocrx_word' id='word_1_265' title='bbox 1422 2556 1610 2635; x_wconf 89' lang='lat' dir='ltr'>protractus.</span> <span class='ocrx_word' id='word_1_266' title='bbox 1641 2542 1705 2609; x_wconf 91' lang='lat' dir='ltr'>Vs.</span> <span class='ocrx_word' id='word_1_267' title='bbox 1721 2553 1771 2610; x_wconf 92' lang='grc'>15.</span> <span class='ocrx_word' id='word_1_268' title='bbox 1805 2545 1916 2613; x_wconf 89' lang='lat' dir='ltr'>Ambr.</span> 
     </span>
     <span class='ocr_line' id='line_1_21' title="bbox 165 2645 1917 2744; baseline 0 -20"><span class='ocrx_word' id='word_1_269' title='bbox 165 2647 346 2743; x_wconf 73' lang='grc' dir='ltr'>τεθνᾶκην</span> <span class='ocrx_word' id='word_1_270' title='bbox 369 2647 398 2718; x_wconf 83' lang='grc' dir='ltr'>δ’</span> <span class='ocrx_word' id='word_1_271' title='bbox 420 2645 526 2740; x_wconf 80' lang='grc' dir='ltr'><strong><em>ὀλίγα</em></strong></span> <span class='ocrx_word' id='word_1_272' title='bbox 547 2645 718 2744; x_wconf 75' lang='lat' dir='ltr'>urderiopr,</span> <span class='ocrx_word' id='word_1_273' title='bbox 739 2666 901 2743; x_wconf 90' lang='lat' dir='ltr'>postremo</span> <span class='ocrx_word' id='word_1_274' title='bbox 924 2647 995 2716; x_wconf 92' lang='lat' dir='ltr'>loco</span> <span class='ocrx_word' id='word_1_275' title='bbox 1009 2646 1087 2717; x_wconf 87' lang='lat' dir='ltr'>Par.</span> <span class='ocrx_word' id='word_1_276' title='bbox 1103 2655 1266 2743; x_wconf 79' lang='grc' dir='ltr'>ιιιδευσην</span> <span class='ocrx_word' id='word_1_277' title='bbox 1289 2650 1356 2718; x_wconf 90' lang='lat' dir='ltr'>sine</span> <span class='ocrx_word' id='word_1_278' title='bbox 1378 2667 1455 2718; x_wconf 88' lang='lat' dir='ltr'>nota</span> <span class='ocrx_word' id='word_1_279' title='bbox 1477 2667 1634 2736; x_wconf 88' lang='lat' dir='ltr'>accentus,</span> <span class='ocrx_word' id='word_1_280' title='bbox 1656 2651 1736 2720; x_wconf 89' lang='lat' dir='ltr'>Vat.</span> <span class='ocrx_word' id='word_1_281' title='bbox 1750 2667 1781 2720; x_wconf 78' lang='lat'>2.</span> <span class='ocrx_word' id='word_1_282' title='bbox 1798 2651 1917 2726; x_wconf 73' lang='lat' dir='ltr'>mdccl-</span> 
     </span>
     <span class='ocr_line' id='line_1_22' title="bbox 168 2749 1917 2860; baseline 0.001 -27"><span class='ocrx_word' id='word_1_283' title='bbox 168 2787 233 2848; x_wconf 70' lang='grc' dir='ltr'>ειν,</span> <span class='ocrx_word' id='word_1_284' title='bbox 255 2758 335 2828; x_wconf 86' lang='lat' dir='ltr'>Vat.</span> <span class='ocrx_word' id='word_1_285' title='bbox 348 2774 379 2825; x_wconf 87' lang='grc'>3.</span> <span class='ocrx_word' id='word_1_286' title='bbox 395 2756 539 2826; x_wconf 89' lang='lat' dir='ltr'>etLaur.</span> <span class='ocrx_word' id='word_1_287' title='bbox 554 2763 725 2855; x_wconf 78' lang='grc' dir='ltr'>ιιιδευκην.</span> <span class='ocrx_word' id='word_1_288' title='bbox 756 2755 892 2826; x_wconf 89' lang='lat' dir='ltr'>Robort.</span> <span class='ocrx_word' id='word_1_289' title='bbox 906 2755 1085 2854; x_wconf 71' lang='lat' dir='ltr'>eadre&#39;xpr</span> <span class='ocrx_word' id='word_1_290' title='bbox 1107 2757 1137 2829; x_wconf 75' lang='grc' dir='ltr'>δ’</span> <span class='ocrx_word' id='word_1_291' title='bbox 1151 2755 1256 2848; x_wconf 80' lang='grc' dir='ltr'><strong><em>ὀλίγα</em></strong></span> <span class='ocrx_word' id='word_1_292' title='bbox 1279 2763 1355 2846; x_wconf 65' lang='lat' dir='ltr'>osto,</span> <span class='ocrx_word' id='word_1_293' title='bbox 1380 2759 1454 2858; x_wconf 72' lang='grc' dir='ltr'>κῆν.</span> <span class='ocrx_word' id='word_1_294' title='bbox 1485 2759 1629 2845; x_wconf 81' lang='lat' dir='ltr'>Manat,</span> <span class='ocrx_word' id='word_1_295' title='bbox 1653 2749 1779 2848; x_wconf 78' lang='lat' dir='ltr'>Ursin,</span> <span class='ocrx_word' id='word_1_296' title='bbox 1805 2764 1917 2860; x_wconf 89' lang='lat' dir='ltr'>Stepb.</span> 
     </span>
     <span class='ocr_line' id='line_1_23' title="bbox 167 2863 1917 2967; baseline 0.001 -25"><span class='ocrx_word' id='word_1_297' title='bbox 167 2866 342 2942; x_wconf 74' lang='grc' dir='ltr'><strong><em>τεθνᾶναι</em></strong></span> <span class='ocrx_word' id='word_1_298' title='bbox 365 2866 395 2938; x_wconf 82' lang='lat' dir='ltr'>d&#39;</span> <span class='ocrx_word' id='word_1_299' title='bbox 417 2865 534 2958; x_wconf 79' lang='grc' dir='ltr'><em>ὀλίγον</em></span> <span class='ocrx_word' id='word_1_300' title='bbox 556 2869 682 2938; x_wconf 61' lang='lat' dir='ltr'>diotae.</span> <span class='ocrx_word' id='word_1_301' title='bbox 726 2863 877 2953; x_wconf 90' lang='lat' dir='ltr'>Vossius,</span> <span class='ocrx_word' id='word_1_302' title='bbox 903 2884 1068 2961; x_wconf 84' lang='lat' dir='ltr'>tamquam</span> <span class='ocrx_word' id='word_1_303' title='bbox 1090 2895 1106 2936; x_wconf 91' lang='lat' dir='ltr'>e</span> <span class='ocrx_word' id='word_1_304' title='bbox 1129 2869 1246 2952; x_wconf 90' lang='lat' dir='ltr'>codice,</span> <span class='ocrx_word' id='word_1_305' title='bbox 1269 2867 1447 2967; x_wconf 70' lang='grc' dir='ltr'>τεθνάκην</span> <span class='ocrx_word' id='word_1_306' title='bbox 1471 2867 1500 2941; x_wconf 78' lang='grc' dir='ltr'>δ”</span> <span class='ocrx_word' id='word_1_307' title='bbox 1522 2867 1626 2959; x_wconf 78' lang='grc' dir='ltr'><strong><em>ὀλίγα</em></strong></span> <span class='ocrx_word' id='word_1_308' title='bbox 1648 2869 1813 2961; x_wconf 59' lang='lat' dir='ltr'>&#39;rederium</span> <span class='ocrx_word' id='word_1_309' title='bbox 1846 2875 1917 2944; x_wconf 89' lang='lat' dir='ltr'>toti·</span> 
     </span>
     <span class='ocr_line' id='line_1_24' title="bbox 171 2974 1916 3076; baseline 0.003 -28"><span class='ocrx_word' id='word_1_310' title='bbox 171 2979 307 3071; x_wconf 88' lang='lat' dir='ltr'>demque</span> <span class='ocrx_word' id='word_1_311' title='bbox 330 2975 442 3045; x_wconf 87' lang='lat' dir='ltr'>litteris</span> <span class='ocrx_word' id='word_1_312' title='bbox 465 2977 505 3044; x_wconf 89' lang='lat' dir='ltr'>A.</span> <span class='ocrx_word' id='word_1_313' title='bbox 519 2974 732 3046; x_wconf 87' lang='lat' dir='ltr'>Schneidcrus</span> <span class='ocrx_word' id='word_1_314' title='bbox 756 2993 787 3046; x_wconf 90' lang='lat' dir='ltr'>et</span> <span class='ocrx_word' id='word_1_315' title='bbox 800 2976 976 3072; x_wconf 89' lang='lat' dir='ltr'>Volgerus.</span> <span class='ocrx_word' id='word_1_316' title='bbox 1019 2977 1211 3063; x_wconf 86' lang='lat' dir='ltr'>Brunclrius,</span> <span class='ocrx_word' id='word_1_317' title='bbox 1238 2977 1461 3066; x_wconf 89' lang='lat' dir='ltr'>Blomfieldus,</span> <span class='ocrx_word' id='word_1_318' title='bbox 1488 2978 1703 3065; x_wconf 88' lang='lat' dir='ltr'>Hermannus,</span> <span class='ocrx_word' id='word_1_319' title='bbox 1733 2980 1916 3076; x_wconf 89' lang='lat' dir='ltr'>Egertonus</span> 
     </span>
     <span class='ocr_line' id='line_1_25' title="bbox 169 3083 1918 3190; baseline 0.002 -31"><span class='ocrx_word' id='word_1_320' title='bbox 169 3083 351 3186; x_wconf 65' lang='grc' dir='ltr'><strong><em>ἀιδεύσηκ</em></strong></span> <span class='ocrx_word' id='word_1_321' title='bbox 395 3085 572 3155; x_wconf 83' lang='lat' dir='ltr'>Inlirtitivus</span> <span class='ocrx_word' id='word_1_322' title='bbox 594 3085 727 3182; x_wconf 89' lang='lat' dir='ltr'>perlecti</span> <span class='ocrx_word' id='word_1_323' title='bbox 747 3086 926 3180; x_wconf 65' lang='lat' dir='ltr'>reducitur</span> <span class='ocrx_word' id='word_1_324' title='bbox 952 3087 1030 3156; x_wconf 91' lang='lat' dir='ltr'>satis</span> <span class='ocrx_word' id='word_1_325' title='bbox 1054 3086 1233 3156; x_wconf 79' lang='lat' dir='ltr'>defenditur</span> <span class='ocrx_word' id='word_1_326' title='bbox 1255 3086 1370 3156; x_wconf 89' lang='lat' dir='ltr'>collato</span> <span class='ocrx_word' id='word_1_327' title='bbox 1392 3089 1490 3157; x_wconf 80' lang='lat' dir='ltr'>verbo</span> <span class='ocrx_word' id='word_1_328' title='bbox 1512 3086 1798 3189; x_wconf 68' lang='grc' dir='ltr'><strong><em>ἕαιτεθὲαρήιιην,</em></strong></span> <span class='ocrx_word' id='word_1_329' title='bbox 1832 3098 1918 3190; x_wconf 82' lang='lat' dir='ltr'>quod</span> 
     </span>
     <span class='ocr_line' id='line_1_26' title="bbox 173 3194 1919 3300; baseline 0.001 -33"><span class='ocrx_word' id='word_1_330' title='bbox 173 3223 192 3267; x_wconf 86' lang='lat' dir='ltr'>e</span> <span class='ocrx_word' id='word_1_331' title='bbox 215 3221 373 3265; x_wconf 87' lang='lat' dir='ltr'>marmore</span> <span class='ocrx_word' id='word_1_332' title='bbox 398 3196 538 3290; x_wconf 78' lang='lat' dir='ltr'>Cymaeo</span> <span class='ocrx_word' id='word_1_333' title='bbox 561 3195 689 3265; x_wconf 88' lang='lat' dir='ltr'>ductum</span> <span class='ocrx_word' id='word_1_334' title='bbox 712 3223 784 3265; x_wconf 91' lang='lat' dir='ltr'>cum</span> <span class='ocrx_word' id='word_1_335' title='bbox 809 3195 970 3265; x_wconf 84' lang='lat' dir='ltr'>infinitivis</span> <span class='ocrx_word' id='word_1_336' title='bbox 998 3197 1140 3265; x_wconf 90' lang='lat' dir='ltr'>eiusdem</span> <span class='ocrx_word' id='word_1_337' title='bbox 1168 3197 1319 3291; x_wconf 87' lang='lat' dir='ltr'>temporis</span> <span class='ocrx_word' id='word_1_338' title='bbox 1345 3197 1379 3266; x_wconf 92' lang='lat' dir='ltr'>in</span> <span class='ocrx_word' id='word_1_339' title='bbox 1397 3194 1515 3295; x_wconf 60' lang='grc' dir='ltr'>ῗιῖμῖῐ</span> <span class='ocrx_word' id='word_1_340' title='bbox 1541 3200 1725 3269; x_wconf 90' lang='lat' dir='ltr'>exeuntibus</span> <span class='ocrx_word' id='word_1_341' title='bbox 1758 3207 1919 3300; x_wconf 79' lang='lat' dir='ltr'>componit</span> 
     </span>
     <span class='ocr_line' id='line_1_27' title="bbox 168 3304 1918 3400; baseline 0.003 -24"><span class='ocrx_word' id='word_1_342' title='bbox 168 3307 275 3376; x_wconf 84' lang='lat' dir='ltr'>Koen.</span> <span class='ocrx_word' id='word_1_343' title='bbox 290 3306 333 3375; x_wconf 91' lang='lat' dir='ltr'>ad</span> <span class='ocrx_word' id='word_1_344' title='bbox 349 3306 485 3400; x_wconf 90' lang='lat' dir='ltr'>Gregor.</span> <span class='ocrx_word' id='word_1_345' title='bbox 500 3333 534 3400; x_wconf 90' lang='lat' dir='ltr'>p.</span> <span class='ocrx_word' id='word_1_346' title='bbox 547 3318 623 3373; x_wconf 85' lang='grc'><strong>310.</strong></span> <span class='ocrx_word' id='word_1_347' title='bbox 659 3304 826 3374; x_wconf 82' lang='lat' dir='ltr'>Inollensa</span> <span class='ocrx_word' id='word_1_348' title='bbox 848 3306 961 3375; x_wconf 85' lang='lat' dir='ltr'>deinde</span> <span class='ocrx_word' id='word_1_349' title='bbox 984 3323 1034 3375; x_wconf 88' lang='lat' dir='ltr'>est</span> <span class='ocrx_word' id='word_1_350' title='bbox 1054 3307 1246 3376; x_wconf 87' lang='lat' dir='ltr'>constructio</span> <span class='ocrx_word' id='word_1_351' title='bbox 1269 3306 1357 3376; x_wconf 88' lang='lat' dir='ltr'>verbi</span> <span class='ocrx_word' id='word_1_352' title='bbox 1379 3311 1539 3381; x_wconf 71' lang='grc' dir='ltr'><strong><em>ἐπιδευέα</em></strong></span> <span class='ocrx_word' id='word_1_353' title='bbox 1559 3337 1630 3378; x_wconf 83' lang='grc' dir='ltr'>ιιιιιι</span> <span class='ocrx_word' id='word_1_354' title='bbox 1645 3310 1809 3382; x_wconf 83' lang='lat' dir='ltr'>infinitivo.</span> <span class='ocrx_word' id='word_1_355' title='bbox 1850 3318 1918 3387; x_wconf 90' lang='lat' dir='ltr'>Sed</span> 
     </span>
     <span class='ocr_line' id='line_1_28' title="bbox 170 3414 1918 3522; baseline 0.003 -36"><span class='ocrx_word' id='word_1_356' title='bbox 170 3417 238 3486; x_wconf 86' lang='lat' dir='ltr'>eius</span> <span class='ocrx_word' id='word_1_357' title='bbox 266 3416 356 3496; x_wconf 90' lang='lat' dir='ltr'>verbi</span> <span class='ocrx_word' id='word_1_358' title='bbox 381 3414 482 3509; x_wconf 92' lang='lat' dir='ltr'>ipsius</span> <span class='ocrx_word' id='word_1_359' title='bbox 510 3414 680 3484; x_wconf 85' lang='lat' dir='ltr'>infinitivus</span> <span class='ocrx_word' id='word_1_360' title='bbox 707 3415 805 3484; x_wconf 73' lang='lat' dir='ltr'>firturi</span> <span class='ocrx_word' id='word_1_361' title='bbox 832 3415 1019 3515; x_wconf 76' lang='lat' dir='ltr'>c&#39;rrtdarlopr,</span> <span class='ocrx_word' id='word_1_362' title='bbox 1053 3443 1091 3484; x_wconf 89' lang='lat' dir='ltr'>ex</span> <span class='ocrx_word' id='word_1_363' title='bbox 1118 3417 1211 3486; x_wconf 91' lang='lat' dir='ltr'>bonis</span> <span class='ocrx_word' id='word_1_364' title='bbox 1239 3441 1316 3485; x_wconf 88' lang='lat' dir='ltr'>sane</span> <span class='ocrx_word' id='word_1_365' title='bbox 1343 3418 1502 3487; x_wconf 88' lang='lat' dir='ltr'>codicibus</span> <span class='ocrx_word' id='word_1_366' title='bbox 1532 3445 1552 3488; x_wconf 91' lang='lat' dir='ltr'>a</span> <span class='ocrx_word' id='word_1_367' title='bbox 1584 3419 1711 3490; x_wconf 91' lang='lat' dir='ltr'>Criticis</span> <span class='ocrx_word' id='word_1_368' title='bbox 1739 3441 1918 3522; x_wconf 89' lang='lat' dir='ltr'>susceptus,</span> 
     </span>
     <span class='ocr_line' id='line_1_29' title="bbox 169 3524 1918 3630; baseline 0.005 -36"><span class='ocrx_word' id='word_1_369' title='bbox 169 3541 236 3594; x_wconf 89' lang='lat' dir='ltr'>tam</span> <span class='ocrx_word' id='word_1_370' title='bbox 256 3525 395 3594; x_wconf 79' lang='lat' dir='ltr'>vividam</span> <span class='ocrx_word' id='word_1_371' title='bbox 417 3525 593 3594; x_wconf 90' lang='lat' dir='ltr'>orationem</span> <span class='ocrx_word' id='word_1_372' title='bbox 614 3525 648 3594; x_wconf 87' lang='lat' dir='ltr'>in</span> <span class='ocrx_word' id='word_1_373' title='bbox 670 3524 742 3620; x_wconf 91' lang='lat' dir='ltr'>ipso</span> <span class='ocrx_word' id='word_1_374' title='bbox 765 3525 827 3594; x_wconf 83' lang='lat' dir='ltr'>linc</span> <span class='ocrx_word' id='word_1_375' title='bbox 848 3525 968 3619; x_wconf 83' lang='lat' dir='ltr'>frangit</span> <span class='ocrx_word' id='word_1_376' title='bbox 990 3542 1021 3594; x_wconf 87' lang='lat' dir='ltr'>et</span> <span class='ocrx_word' id='word_1_377' title='bbox 1044 3525 1197 3612; x_wconf 88' lang='lat' dir='ltr'>debilitat,</span> <span class='ocrx_word' id='word_1_378' title='bbox 1220 3527 1248 3594; x_wconf 93' lang='lat' dir='ltr'>si</span> <span class='ocrx_word' id='word_1_379' title='bbox 1269 3527 1392 3621; x_wconf 90' lang='lat' dir='ltr'>poetria</span> <span class='ocrx_word' id='word_1_380' title='bbox 1413 3551 1514 3623; x_wconf 89' lang='lat' dir='ltr'>prope</span> <span class='ocrx_word' id='word_1_381' title='bbox 1537 3553 1557 3597; x_wconf 89' lang='lat' dir='ltr'>a</span> <span class='ocrx_word' id='word_1_382' title='bbox 1579 3547 1679 3599; x_wconf 88' lang='lat' dir='ltr'>morte</span> <span class='ocrx_word' id='word_1_383' title='bbox 1702 3531 1790 3602; x_wconf 88' lang='lat' dir='ltr'>alere</span> <span class='ocrx_word' id='word_1_384' title='bbox 1811 3537 1918 3630; x_wconf 86' lang='lat' dir='ltr'>potius</span> 
     </span>
     <span class='ocr_line' id='line_1_30' title="bbox 173 3634 1918 3738; baseline 0.007 -34"><span class='ocrx_word' id='word_1_385' title='bbox 173 3658 270 3730; x_wconf 88' lang='lat' dir='ltr'>quam</span> <span class='ocrx_word' id='word_1_386' title='bbox 292 3637 497 3704; x_wconf 82' lang='lat' dir='ltr'>ormnraxime</span> <span class='ocrx_word' id='word_1_387' title='bbox 520 3635 634 3704; x_wconf 90' lang='lat' dir='ltr'>abesse</span> <span class='ocrx_word' id='word_1_388' title='bbox 657 3659 691 3703; x_wconf 89' lang='lat' dir='ltr'>se</span> <span class='ocrx_word' id='word_1_389' title='bbox 716 3635 798 3703; x_wconf 92' lang='lat' dir='ltr'>dicat</span> <span class='ocrx_word' id='word_1_390' title='bbox 820 3634 930 3703; x_wconf 81' lang='lat' dir='ltr'>videri.</span> <span class='ocrx_word' id='word_1_391' title='bbox 982 3634 1143 3704; x_wconf 88' lang='lat' dir='ltr'>Praesens</span> <span class='ocrx_word' id='word_1_392' title='bbox 1167 3653 1291 3732; x_wconf 88' lang='lat' dir='ltr'>tempus</span> <span class='ocrx_word' id='word_1_393' title='bbox 1314 3635 1551 3732; x_wconf 87' lang='lat' dir='ltr'>interpretando</span> <span class='ocrx_word' id='word_1_394' title='bbox 1574 3641 1720 3734; x_wconf 79' lang='lat' dir='ltr'>exprimit</span> <span class='ocrx_word' id='word_1_395' title='bbox 1740 3641 1918 3738; x_wconf 82' lang='lat' dir='ltr'>Longinus,</span> 
     </span>
     <span class='ocr_line' id='line_1_31' title="bbox 171 3741 1918 3844; baseline 0.009 -31"><span class='ocrx_word' id='word_1_396' title='bbox 171 3745 248 3813; x_wconf 88' lang='lat' dir='ltr'>dum</span> <span class='ocrx_word' id='word_1_397' title='bbox 274 3744 382 3814; x_wconf 86' lang='lat' dir='ltr'>scribit</span> <span class='ocrx_word' id='word_1_398' title='bbox 405 3743 485 3842; x_wconf 81' lang='grc' dir='ltr'><strong><em>παρ’</em></strong></span> <span class='ocrx_word' id='word_1_399' title='bbox 511 3741 631 3835; x_wconf 81' lang='grc' dir='ltr'><em>ὀλίγον</em></span> <span class='ocrx_word' id='word_1_400' title='bbox 657 3748 843 3838; x_wconf 71' lang='grc' dir='ltr'><em>τέθνηκεν,</em></span> <span class='ocrx_word' id='word_1_401' title='bbox 875 3769 941 3812; x_wconf 93' lang='lat' dir='ltr'>non</span> <span class='ocrx_word' id='word_1_402' title='bbox 966 3743 1180 3844; x_wconf 68' lang='grc' dir='ltr'><strong><em>τεθνὴξιιαιξ</em></strong></span> <span class='ocrx_word' id='word_1_403' title='bbox 1224 3745 1396 3816; x_wconf 88' lang='lat' dir='ltr'>Praeterea</span> <span class='ocrx_word' id='word_1_404' title='bbox 1424 3763 1521 3840; x_wconf 89' lang='lat' dir='ltr'>quum</span> <span class='ocrx_word' id='word_1_405' title='bbox 1546 3749 1678 3818; x_wconf 84' lang='lat' dir='ltr'>verbum</span> <span class='ocrx_word' id='word_1_406' title='bbox 1701 3751 1741 3820; x_wconf 87' lang='lat' dir='ltr'>ab</span> <span class='ocrx_word' id='word_1_407' title='bbox 1764 3756 1918 3827; x_wconf 86' lang='lat' dir='ltr'>adiectivo</span> 
     </span>
     <span class='ocr_line' id='line_1_32' title="bbox 52 3848 1917 3960; baseline 0.005 -33"><span class='ocrx_word' id='word_1_408' title='bbox 52 3849 57 3862; x_wconf 78' lang='grc'>’</span> <span class='ocrx_word' id='word_1_409' title='bbox 171 3848 327 3950; x_wconf 68' lang='grc' dir='ltr'>εἰιιδευῆς</span> <span class='ocrx_word' id='word_1_410' title='bbox 348 3877 413 3920; x_wconf 95' lang='lat' dir='ltr'>non</span> <span class='ocrx_word' id='word_1_411' title='bbox 435 3855 538 3950; x_wconf 90' lang='lat' dir='ltr'>possit</span> <span class='ocrx_word' id='word_1_412' title='bbox 560 3855 646 3924; x_wconf 89' lang='lat' dir='ltr'>aliud</span> <span class='ocrx_word' id='word_1_413' title='bbox 669 3855 806 3924; x_wconf 87' lang='lat' dir='ltr'>derivari</span> <span class='ocrx_word' id='word_1_414' title='bbox 827 3855 889 3922; x_wconf 92' lang='lat' dir='ltr'>nisi</span> <span class='ocrx_word' id='word_1_415' title='bbox 910 3857 1087 3942; x_wconf 82' lang='lat' dir='ltr'>e&#39;ucdevc&#39;ro,</span> <span class='ocrx_word' id='word_1_416' title='bbox 1116 3881 1155 3924; x_wconf 86' lang='lat' dir='ltr'>cx</span> <span class='ocrx_word' id='word_1_417' title='bbox 1177 3854 1283 3925; x_wconf 74' lang='lat' dir='ltr'>butino</span> <span class='ocrx_word' id='word_1_418' title='bbox 1306 3856 1373 3925; x_wconf 92' lang='lat' dir='ltr'>eius</span> <span class='ocrx_word' id='word_1_419' title='bbox 1395 3881 1461 3924; x_wconf 89' lang='lat' dir='ltr'>non</span> <span class='ocrx_word' id='word_1_420' title='bbox 1483 3857 1607 3927; x_wconf 85' lang='lat' dir='ltr'>ridetur</span> <span class='ocrx_word' id='word_1_421' title='bbox 1628 3881 1650 3957; x_wconf 76' lang='grc' dir='ltr'><em>η</em></span> <span class='ocrx_word' id='word_1_422' title='bbox 1670 3862 1737 3931; x_wconf 89' lang='lat' dir='ltr'>eiici</span> <span class='ocrx_word' id='word_1_423' title='bbox 1751 3883 1917 3960; x_wconf 90' lang='lat' dir='ltr'>oportere,</span> 
     </span>
     <span class='ocr_line' id='line_1_33' title="bbox 172 3960 1917 4066; baseline 0.006 -37"><span class='ocrx_word' id='word_1_424' title='bbox 172 3962 259 4056; x_wconf 93' lang='lat' dir='ltr'>quod</span> <span class='ocrx_word' id='word_1_425' title='bbox 281 3962 377 4036; x_wconf 83' lang='lat' dir='ltr'>etiam</span> <span class='ocrx_word' id='word_1_426' title='bbox 398 3960 539 4031; x_wconf 86' lang='lat' dir='ltr'>futurum</span> <span class='ocrx_word' id='word_1_427' title='bbox 560 3966 709 4050; x_wconf 89' lang='lat' dir='ltr'>medium,</span> <span class='ocrx_word' id='word_1_428' title='bbox 733 3987 925 4058; x_wconf 77' lang='lat' dir='ltr'>qtramquam</span> <span class='ocrx_word' id='word_1_429' title='bbox 946 3963 1038 4033; x_wconf 89' lang='lat' dir='ltr'>buius</span> <span class='ocrx_word' id='word_1_430' title='bbox 1055 3965 1183 4058; x_wconf 89' lang='lat' dir='ltr'>quidem</span> <span class='ocrx_word' id='word_1_431' title='bbox 1204 3991 1358 4060; x_wconf 90' lang='lat' dir='ltr'>praesens</span> <span class='ocrx_word' id='word_1_432' title='bbox 1382 3966 1561 4060; x_wconf 83' lang='lat' dir='ltr'>barytonon</span> <span class='ocrx_word' id='word_1_433' title='bbox 1582 3984 1640 4052; x_wconf 88' lang='lat' dir='ltr'>est,</span> <span class='ocrx_word' id='word_1_434' title='bbox 1664 3970 1779 4066; x_wconf 90' lang='lat' dir='ltr'>ubique</span> <span class='ocrx_word' id='word_1_435' title='bbox 1803 3995 1917 4046; x_wconf 78' lang='lat' dir='ltr'>servat.</span> 
     </span>
    </p>
   </div>
   <div class='ocr_carea' id='block_1_2' title="bbox 47 4072 1919 4838">
    <p class='ocr_par' dir='ltr' id='par_1_2' title="bbox 47 4072 1919 4838">
     <span class='ocr_line' id='line_1_34' title="bbox 172 4072 1919 4178; baseline 0.01 -37"><span class='ocrx_word' id='word_1_436' title='bbox 172 4073 284 4165; x_wconf 87' lang='lat' dir='ltr'>ltaque</span> <span class='ocrx_word' id='word_1_437' title='bbox 307 4072 484 4164; x_wconf 85' lang='lat' dir='ltr'>praesentis</span> <span class='ocrx_word' id='word_1_438' title='bbox 507 4072 701 4160; x_wconf 86' lang='lat' dir='ltr'>infinitivum,</span> <span class='ocrx_word' id='word_1_439' title='bbox 729 4100 757 4168; x_wconf 86' lang='lat' dir='ltr'>a</span> <span class='ocrx_word' id='word_1_440' title='bbox 772 4075 842 4142; x_wconf 94' lang='lat' dir='ltr'>cod.</span> <span class='ocrx_word' id='word_1_441' title='bbox 858 4077 941 4178; x_wconf 57' lang='lat' dir='ltr'>Vat.</span> <span class='ocrx_word' id='word_1_442' title='bbox 951 4089 982 4142; x_wconf 82' lang='lat'>2.</span> <span class='ocrx_word' id='word_1_443' title='bbox 998 4073 1149 4158; x_wconf 90' lang='lat' dir='ltr'>oblatum,</span> <span class='ocrx_word' id='word_1_444' title='bbox 1179 4074 1397 4169; x_wconf 86' lang='lat' dir='ltr'>praetulimus,</span> <span class='ocrx_word' id='word_1_445' title='bbox 1425 4075 1549 4146; x_wconf 86' lang='lat' dir='ltr'>sedita</span> <span class='ocrx_word' id='word_1_446' title='bbox 1572 4078 1707 4148; x_wconf 91' lang='lat' dir='ltr'>scribere</span> <span class='ocrx_word' id='word_1_447' title='bbox 1730 4083 1857 4177; x_wconf 86' lang='lat' dir='ltr'>placuit,</span> <span class='ocrx_word' id='word_1_448' title='bbox 1883 4105 1919 4158; x_wconf 88' lang='lat' dir='ltr'>ut</span> 
     </span>
     <span class='ocr_line' id='line_1_35' title="bbox 172 4178 1918 4287; baseline 0.008 -35"><span class='ocrx_word' id='word_1_449' title='bbox 172 4181 302 4252; x_wconf 87' lang='lat' dir='ltr'>alterius</span> <span class='ocrx_word' id='word_1_450' title='bbox 326 4178 468 4248; x_wconf 88' lang='lat' dir='ltr'>lectionis</span> <span class='ocrx_word' id='word_1_451' title='bbox 492 4181 581 4274; x_wconf 86' lang='lat' dir='ltr'>origo</span> <span class='ocrx_word' id='word_1_452' title='bbox 603 4181 729 4276; x_wconf 89' lang='lat' dir='ltr'>planius</span> <span class='ocrx_word' id='word_1_453' title='bbox 754 4181 990 4276; x_wconf 85' lang='lat' dir='ltr'>intelligeretur.</span> <span class='ocrx_word' id='word_1_454' title='bbox 1035 4183 1080 4252; x_wconf 90' lang='lat' dir='ltr'>Et</span> <span class='ocrx_word' id='word_1_455' title='bbox 1102 4182 1203 4252; x_wconf 88' lang='lat' dir='ltr'>simile</span> <span class='ocrx_word' id='word_1_456' title='bbox 1226 4200 1336 4251; x_wconf 90' lang='lat' dir='ltr'>nostro</span> <span class='ocrx_word' id='word_1_457' title='bbox 1358 4187 1535 4283; x_wconf 77' lang='lat' dir='ltr'>a‘ucdaoa&#39;pr</span> <span class='ocrx_word' id='word_1_458' title='bbox 1557 4203 1607 4256; x_wconf 91' lang='lat' dir='ltr'>est</span> <span class='ocrx_word' id='word_1_459' title='bbox 1627 4187 1758 4287; x_wconf 70' lang='lat' dir='ltr'>dpns&#39;qr</span> <span class='ocrx_word' id='word_1_460' title='bbox 1779 4194 1812 4263; x_wconf 93' lang='lat' dir='ltr'>in</span> <span class='ocrx_word' id='word_1_461' title='bbox 1834 4223 1918 4266; x_wconf 89' lang='lat' dir='ltr'>mar·</span> 
     </span>
     <span class='ocr_line' id='line_1_36' title="bbox 172 4281 1918 4387; baseline 0.009 -27"><span class='ocrx_word' id='word_1_462' title='bbox 172 4315 262 4361; x_wconf 89' lang='lat' dir='ltr'>more</span> <span class='ocrx_word' id='word_1_463' title='bbox 289 4289 430 4385; x_wconf 73' lang='lat' dir='ltr'>Cymaeo</span> <span class='ocrx_word' id='word_1_464' title='bbox 454 4288 596 4383; x_wconf 86' lang='lat' dir='ltr'>Caylusii</span> <span class='ocrx_word' id='word_1_465' title='bbox 619 4291 752 4362; x_wconf 90' lang='lat' dir='ltr'>Collect.</span> <span class='ocrx_word' id='word_1_466' title='bbox 767 4281 931 4387; x_wconf 77' lang='lat' dir='ltr'>Antiq.ll,</span> <span class='ocrx_word' id='word_1_467' title='bbox 948 4310 979 4360; x_wconf 91' lang='grc'>3.</span> <span class='ocrx_word' id='word_1_468' title='bbox 995 4293 1060 4360; x_wconf 87' lang='lat' dir='ltr'>tab.</span> <span class='ocrx_word' id='word_1_469' title='bbox 1072 4291 1125 4359; x_wconf 82' lang='lat'>56.</span> <span class='ocrx_word' id='word_1_470' title='bbox 1142 4291 1196 4360; x_wconf 92' lang='lat' dir='ltr'>lin.</span> <span class='ocrx_word' id='word_1_471' title='bbox 1213 4309 1262 4375; x_wconf 79' lang='lat'>17.</span> <span class='ocrx_word' id='word_1_472' title='bbox 1278 4293 1342 4362; x_wconf 91' lang='lat' dir='ltr'>Vs.</span> <span class='ocrx_word' id='word_1_473' title='bbox 1359 4295 1408 4362; x_wconf 86' lang='lat'>16.</span> <span class='ocrx_word' id='word_1_474' title='bbox 1428 4293 1574 4365; x_wconf 89' lang='lat' dir='ltr'>lacunam</span> <span class='ocrx_word' id='word_1_475' title='bbox 1596 4315 1628 4366; x_wconf 94' lang='lat' dir='ltr'>et</span> <span class='ocrx_word' id='word_1_476' title='bbox 1650 4300 1795 4372; x_wconf 87' lang='lat' dir='ltr'>codicum</span> <span class='ocrx_word' id='word_1_477' title='bbox 1817 4309 1918 4376; x_wconf 92' lang='lat' dir='ltr'>omni-</span> 
     </span>
     <span class='ocr_line' id='line_1_37' title="bbox 47 4389 1919 4505; baseline 0.007 -35"><span class='ocrx_word' id='word_1_478' title='bbox 47 4397 53 4422; x_wconf 90' lang='lat'>&#39;</span> <span class='ocrx_word' id='word_1_479' title='bbox 173 4427 229 4470; x_wconf 89' lang='lat' dir='ltr'>um</span> <span class='ocrx_word' id='word_1_480' title='bbox 256 4416 288 4469; x_wconf 89' lang='lat' dir='ltr'>ct</span> <span class='ocrx_word' id='word_1_481' title='bbox 310 4397 447 4494; x_wconf 88' lang='lat' dir='ltr'>exempli</span> <span class='ocrx_word' id='word_1_482' title='bbox 469 4397 605 4468; x_wconf 78' lang='lat' dir='ltr'>Robort.</span> <span class='ocrx_word' id='word_1_483' title='bbox 633 4399 776 4495; x_wconf 89' lang='lat' dir='ltr'>plerique</span> <span class='ocrx_word' id='word_1_484' title='bbox 799 4431 870 4472; x_wconf 89' lang='lat' dir='ltr'>curn</span> <span class='ocrx_word' id='word_1_485' title='bbox 893 4401 1041 4472; x_wconf 85' lang='lat' dir='ltr'>Manutio</span> <span class='ocrx_word' id='word_1_486' title='bbox 1065 4402 1192 4496; x_wconf 86' lang='lat' dir='ltr'>explent</span> <span class='ocrx_word' id='word_1_487' title='bbox 1220 4389 1328 4472; x_wconf 90' lang='lat' dir='ltr'>addito</span> <span class='ocrx_word' id='word_1_488' title='bbox 1356 4405 1500 4484; x_wconf 76' lang='grc' dir='ltr'><strong>ἄπνους.</strong></span> <span class='ocrx_word' id='word_1_489' title='bbox 1544 4404 1696 4493; x_wconf 85' lang='lat' dir='ltr'>Vossius,</span> <span class='ocrx_word' id='word_1_490' title='bbox 1723 4431 1919 4505; x_wconf 89' lang='lat' dir='ltr'>postremum</span> 
     </span>
     <span class='ocr_line' id='line_1_38' title="bbox 174 4507 1918 4621; baseline 0.01 -43"><span class='ocrx_word' id='word_1_491' title='bbox 174 4535 301 4580; x_wconf 84' lang='lat' dir='ltr'>versum</span> <span class='ocrx_word' id='word_1_492' title='bbox 316 4509 475 4594; x_wconf 86' lang='lat' dir='ltr'>omittens,</span> <span class='ocrx_word' id='word_1_493' title='bbox 498 4507 635 4602; x_wconf 89' lang='lat' dir='ltr'>primum</span> <span class='ocrx_word' id='word_1_494' title='bbox 657 4510 724 4579; x_wconf 90' lang='lat' dir='ltr'>eius</span> <span class='ocrx_word' id='word_1_495' title='bbox 746 4510 935 4581; x_wconf 78' lang='lat' dir='ltr'>vocabulum</span> <span class='ocrx_word' id='word_1_496' title='bbox 957 4511 1019 4582; x_wconf 92' lang='lat' dir='ltr'>huc</span> <span class='ocrx_word' id='word_1_497' title='bbox 1039 4511 1180 4597; x_wconf 86' lang='lat' dir='ltr'>retrahit,</span> <span class='ocrx_word' id='word_1_498' title='bbox 1203 4513 1298 4607; x_wconf 87' lang='lat' dir='ltr'>idque</span> <span class='ocrx_word' id='word_1_499' title='bbox 1314 4513 1479 4582; x_wconf 86' lang='lat' dir='ltr'>Aeolicum</span> <span class='ocrx_word' id='word_1_500' title='bbox 1502 4514 1576 4583; x_wconf 92' lang='lat' dir='ltr'>dicit</span> <span class='ocrx_word' id='word_1_501' title='bbox 1597 4542 1657 4610; x_wconf 91' lang='lat' dir='ltr'>pro</span> <span class='ocrx_word' id='word_1_502' title='bbox 1672 4517 1787 4621; x_wconf 65' lang='grc' dir='ltr'><strong><em>α’λάλι)</em></strong></span> <span class='ocrx_word' id='word_1_503' title='bbox 1810 4538 1918 4614; x_wconf 83' lang='lat' dir='ltr'>muta,</span> 
     </span>
     <span class='ocr_line' id='line_1_39' title="bbox 174 4616 1919 4717; baseline 0.01 -29"><span class='ocrx_word' id='word_1_504' title='bbox 174 4620 357 4688; x_wconf 89' lang='lat' dir='ltr'>auctoritate</span> <span class='ocrx_word' id='word_1_505' title='bbox 384 4616 484 4688; x_wconf 83' lang='lat' dir='ltr'>fretus</span> <span class='ocrx_word' id='word_1_506' title='bbox 508 4617 657 4712; x_wconf 85' lang='lat' dir='ltr'>Gregorii</span> <span class='ocrx_word' id='word_1_507' title='bbox 686 4618 762 4688; x_wconf 92' lang='lat' dir='ltr'>Cor.</span> <span class='ocrx_word' id='word_1_508' title='bbox 778 4618 869 4687; x_wconf 89' lang='lat' dir='ltr'>Aeol.</span> <span class='ocrx_word' id='word_1_509' title='bbox 885 4634 914 4701; x_wconf 88' lang='lat'>§.</span> <span class='ocrx_word' id='word_1_510' title='bbox 927 4639 957 4707; x_wconf 89' lang='grc'>3,</span> <span class='ocrx_word' id='word_1_511' title='bbox 986 4647 1080 4716; x_wconf 92' lang='lat' dir='ltr'>quem</span> <span class='ocrx_word' id='word_1_512' title='bbox 1106 4647 1257 4716; x_wconf 86' lang='lat' dir='ltr'>perversa</span> <span class='ocrx_word' id='word_1_513' title='bbox 1285 4621 1423 4717; x_wconf 76' lang='lat' dir='ltr'>vrdgbris</span> <span class='ocrx_word' id='word_1_514' title='bbox 1451 4623 1597 4693; x_wconf 83' lang='lat' dir='ltr'>vocabrdi</span> <span class='ocrx_word' id='word_1_515' title='bbox 1623 4626 1732 4708; x_wconf 79' lang='grc' dir='ltr'><em>ἄλλος</em></span> <span class='ocrx_word' id='word_1_516' title='bbox 1757 4637 1919 4710; x_wconf 83' lang='lat' dir='ltr'>notatione</span> 
     </span>
     <span class='ocr_line' id='line_1_40' title="bbox 174 4725 1919 4838; baseline 0.005 -40"><span class='ocrx_word' id='word_1_517' title='bbox 174 4725 292 4798; x_wconf 74' lang='lat' dir='ltr'>salsina</span> <span class='ocrx_word' id='word_1_518' title='bbox 318 4753 389 4798; x_wconf 87' lang='lat' dir='ltr'>esse</span> <span class='ocrx_word' id='word_1_519' title='bbox 416 4743 505 4824; x_wconf 82' lang='lat' dir='ltr'>patet</span> <span class='ocrx_word' id='word_1_520' title='bbox 531 4753 569 4796; x_wconf 83' lang='lat' dir='ltr'>ex</span> <span class='ocrx_word' id='word_1_521' title='bbox 590 4728 699 4824; x_wconf 79' lang='lat' dir='ltr'>Etyrn</span> <span class='ocrx_word' id='word_1_522' title='bbox 714 4728 772 4800; x_wconf 66' lang='lat' dir='ltr'>M..</span> <span class='ocrx_word' id='word_1_523' title='bbox 781 4756 814 4826; x_wconf 90' lang='lat' dir='ltr'>p.</span> <span class='ocrx_word' id='word_1_524' title='bbox 826 4727 880 4814; x_wconf 82' lang='lat'>66,</span> <span class='ocrx_word' id='word_1_525' title='bbox 896 4738 949 4807; x_wconf 69' lang='lat'>54.</span> <span class='ocrx_word' id='word_1_526' title='bbox 993 4731 1102 4823; x_wconf 87' lang='lat' dir='ltr'>Etym.</span> <span class='ocrx_word' id='word_1_527' title='bbox 1123 4729 1209 4799; x_wconf 89' lang='lat' dir='ltr'>Gud.</span> <span class='ocrx_word' id='word_1_528' title='bbox 1229 4759 1262 4828; x_wconf 92' lang='lat' dir='ltr'>p.</span> <span class='ocrx_word' id='word_1_529' title='bbox 1274 4741 1327 4816; x_wconf 85' lang='grc'>38,</span> <span class='ocrx_word' id='word_1_530' title='bbox 1343 4741 1374 4800; x_wconf 81' lang='grc'>8.</span> <span class='ocrx_word' id='word_1_531' title='bbox 1395 4733 1502 4827; x_wconf 85' lang='lat' dir='ltr'>Etym.</span> <span class='ocrx_word' id='word_1_532' title='bbox 1518 4735 1657 4806; x_wconf 89' lang='lat' dir='ltr'>Sorbou.</span> <span class='ocrx_word' id='word_1_533' title='bbox 1674 4738 1742 4807; x_wconf 90' lang='lat' dir='ltr'>Ms.</span> <span class='ocrx_word' id='word_1_534' title='bbox 1759 4767 1812 4838; x_wconf 88' lang='lat' dir='ltr'>ap.</span> <span class='ocrx_word' id='word_1_535' title='bbox 1826 4746 1919 4818; x_wconf 67' lang='lat' dir='ltr'>Basa,</span> 
     </span>
    </p>
   </div>
   <div class='ocr_carea' id='block_1_3' title="bbox 0 0 2135 5300">
    <p class='ocr_par' dir='ltr' id='par_1_3' title="bbox 0 0 2135 5300">
     <span class='ocr_line' id='line_1_41' title="bbox 0 0 2135 5300; baseline 0 0"><span class='ocrx_word' id='word_1_536' title='bbox 0 0 2135 5300; x_wconf 95' lang='lat' dir='ltr'> </span> 
     </span>
    </p>
   </div>
  </div>
 </body>
</html>
