4242 5300
1051 239 1080 334 6

958 357 1172 370 *a*

191 467 270 540 Non
293 463 439 562 granore
464 479 591 534 auctore
614 485 728 561 parurn
748 479 871 534 castam
890 463 966 534 dicit
985 455 1151 534 Martialis
1171 463 1286 560 Epigr.
1300 461 1377 550 VII,
1390 463 1444 546 69.
1459 461 1568 549 Χ,15,
1582 473 1633 534 15.
1663 459 1753 535 Nam
1772 462 1942 549 Tatianus,

189 596 270 648 orat.
294 578 338 646 ad
362 576 506 646 Graecos
531 599 558 642 c.
571 583 624 653 51.
650 575 736 668 quod
758 573 915 668 increpat:
937 606 959 672 η
976 574 1043 663 μίν,
1062 570 1192 672 Σαπφώ
1208 571 1354 664 γύναιον
1371 572 1537 670 πορνικόν
1554 573 1783 670 ἐρατομανὲς,
1800 577 1860 646 καὶ
1876 572 1941 671 τήν

189 688 311 784 ἑαυτῆς
328 684 509 775 ἀσέλγειαν
525 682 611 776 ᾄδει,
628 682 662 754 id
685 683 814 777 quidem
837 709 875 753 err
897 684 977 780 ipsis
1002 683 1193 752 carminibus
1218 681 1329 752 leviter
1347 682 1497 779 inspectis
1518 683 1669 753 acerrime
1689 683 1859 754 iudicatum
1879 698 1943 764 ests

190 801 270 868 sicut
293 793 468 892 Appuleius
494 817 618 886 quoque
642 792 782 887 Apolog.
797 819 831 888 p.
843 808 919 870 111.
949 791 1151 862 insolentiam
1179 791 1304 886 linguae
1333 791 1509 862 carminum
1537 791 1703 862 dulcedine
1727 791 1944 862 commendari

190 908 303 1001 arguit.
348 901 477 998 Nempe
501 901 608 996 qualia
630 901 816 998 Sapphonis
841 902 983 972 carmina
1004 902 1054 972 rel
1078 917 1152 970 suut
1165 901 1215 971 rel
1230 917 1331 987 erant,
1355 901 1460 972 varias
1479 901 1752 996 interpretationes
1772 901 1942 998 patiuntur,

189 1033 283 1113 prout
305 1013 471 1108 ingenium·
489 1011 655 1082 scribentis
679 1009 912 1080 informaveris.
959 1011 1240 1082 Criminationibus
1269 1037 1328 1107 per
1355 1010 1554 1080 comoediam
1583 1010 1754 1106 divulgatis
1778 1033 1942 1080 occurrere

189 1126 319 1222 cupiens
340 1123 498 1216 Didymus
520 1119 709 1215 quaesierat,
732 1118 908 1215 Sapphone
928 1120 1057 1216 publica
1080 1121 1203 1206 suisset,
1224 1121 1346 1190 derisus
1373 1145 1412 1190 eo
1438 1122 1566 1190 nomine
1591 1123 1753 1192 aSeueca
1772 1120 1831 1188 sub
1847 1119 1943 1190 linem

188 1235 294 1332 Epist
311 1241 368 1302 801
391 1257 493 1326 neque
518 1230 602 1299 enim
625 1229 664 1298 iis
689 1251 859 1298 assensum
883 1253 965 1315 esse,
989 1229 1063 1298 hinc
1086 1229 1126 1300 srt
1148 1229 1325 1326 probabile,
1349 1231 1435 1325 quod
1459 1230 1623 1330 quaesiuit.
1726 1293 1734 1306 ,

323 1342 432 1433 Quam
456 1339 604 1432 ambigua
627 1338 668 1408 sit
691 1337 770 1408 fides
794 1360 913 1424 eorum,
937 1339 992 1433 qui
1013 1337 1159 1410 Phaonis
1182 1363 1299 1409 nornen
1326 1339 1418 1435 poesi
1447 1338 1633 1436 sapphonis
1662 1337 1854 1410 celebratum
1878 1355 1942 1406 tra·

189 1457 276 1540 drmt,
300 1477 358 1522 suo
382 1451 454 1520 loco
475 1463 660 1520 annotatum
680 1463 738 1516 est
764 1447 940 1519 Comoedia
960 1474 1031 1518 eum
1050 1472 1116 1518 non
1137 1448 1235 1518 semel
1255 1449 1403 1533 ostendit,
1418 1450 1502 1518 unde
1522 1463 1724 1544 portentosas
1743 1448 1943 1516 narrationes

170 1564 380 1659 'repetierunt
416 1558 541 1628 Plinius
573 1555 618 1624 Η.
639 1553 685 1626 Ν.
700 1555 805 1642 XXII,
819 1565 850 1626 8.
883 1556 1035 1627 Aelianus
1064 1557 1110 1626 V.
1131 1557 1176 1626 H.
1196 1557 1270 1643 XII,
1286 1565 1336 1626 18.
1366 1557 1528 1626 Lucienus
1541 1556 1630 1626 Dial.
1645 1573 1739 1626 mort.
1752 1571 1783 1640 9.
1814 1556 1943 1628 Servius

190 1675 233 1742 ad
256 1669 377 1763 Virgil.
393 1668 474 1738 Aen.
489 1665 546 1751 ΠΙ,
560 1679 635 1748 279.
661 1665 880 1761 Palaephatus
905 1668 945 1736 de
969 1667 1207 1749 1111111119.
1231 1666 1378 1736 Eudocia
1402 1695 1432 1735 r.
1456 1665 1571 1754 Φάων,
1604 1666 1790 1762 Apostolius
1822 1665 1943 1734 Provr.

193 1796 246 1866 20,
266 1790 317 1847 15.
358 1775 521 1868 Quoniam
546 1791 651 1844 autem
679 1802 738 1844 nec
766 1800 884 1846 nomen
911 1777 992 1845 risus
1022 1776 1141 1871 captati
1170 1777 1383 1873 suspicionem
1405 1777 1547 1872 praebet,
1571 1792 1603 1844 11
1625 1799 1766 1872 persona
1789 1792 1854 1844 tarn
1878 1790 1942 1842 stu·

190 1891 280 1959 diose
305 1885 466 1958 miraculis
490 1901 641 1958 exornata
665 1901 724 1969 est,
749 1885 883 1956 libenter
906 1886 1063 1954 credimus
1085 1886 1235 1956 Comicos
1256 1911 1328 1956 eum
1347 1911 1384 1956 err
1404 1887 1546 1982 poetriae
1565 1885 1756 1956 carminibus
1782 1883 1942 1981 petivisse,

191 1998 347 2068 credimus
371 1993 540 2064 Phaonem
562 2015 675 2064 revera
698 1995 827 2079 vixisse,
845 1993 1093 2090 Sapphonisque
1119 1996 1220 2065 amori
1243 2019 1357 2092 parurn
1379 1995 1596 2090 respondisse.
1641 1993 1787 2066 Primum
1815 2016 1942 2061 cannen

191 2133 310 2194 eorum,
336 2129 417 2199 quae
441 2119 577 2172 aetatem
605 2103 751 2196 tulerunt,
780 2104 824 2172 ad
850 2101 995 2170 Phaonis
1026 2103 1216 2172 desiderium
1240 2105 1407 2199 pertinere,
1430 2104 1678 2199 pariterdicere
1702 2099 1941 2195 1011311111-

93 2274 96 2284 .
192 2236 251 2288 cet.
288 2214 416 2307 Quodsi
439 2212 557 2282 Phaon
580 2237 619 2282 ex
644 2212 848 2286 Comicorum
871 2209 987 2280 sabulis
1011 2212 1194 2282 inferiorum
1218 2213 1417 2284 sacerdotum
1445 2212 1624 2284 bominibus
1653 2213 1802 2298 innotuit,
1827 2237 1864 2280 ex
1889 2235 1941 2280 eo·

193 2331 267 2397 dem
290 2326 378 2394 fonte
403 2324 530 2392 ductum
552 2321 643 2392 illum
665 2344 825 2390 rumorem
847 2320 1058 2391 increbruisse
1081 2321 1285 2392 manifestum
1310 2340 1368 2410 est,
1394 2347 1456 2418 quo
1483 2322 1628 2419 Sappho,
1655 2339 1764 2418 utpote
1793 2338 1901 2418 spreta
1924 2343 1943 2388 a

191 2437 338 2518 Phaone,
363 2431 544 2501 Leucadiae
567 2429 654 2526 rupis
677 2429 853 2504 remedium
876 2445 1015 2502 tentasse
1037 2430 1277 2527 perhibebatur:
1301 2449 1495 2529 quapropter
1517 2432 1578 2502 hac
1602 2456 1726 2528 quoque
1749 2433 1783 2502 in
1806 2457 1840 2500 re
1864 2430 1944 2499 inter

124 2613 131 2622 ‚
190 2563 311 2616 1111111
340 2541 523 2635 ambigitur,
552 2555 623 2608 utra
651 2565 688 2610 err
718 2538 781 2608 illis
811 2537 1040 2635 Sapphonibus
1071 2541 1113 2610 sit
1139 2542 1320 2636 cogitanda,
1350 2567 1482 2637 quarum
1515 2542 1748 2612 distinctionem
1780 2540 1943 2610 docuimus

191 2653 428 2726 comoediarum
457 2650 590 2721 diversis
619 2648 935 2744 interpretationibus
964 2651 1083 2720 deberi.
1130 2651 1337 2746 Quamquam
1366 2652 1436 2746 quis
1465 2668 1560 2746 neget
1582 2651 1649 2721 fieri
1671 2649 1825 2746 potuisse,
1849 2665 1884 2718 ut
1906 2673 1944 2717 ex

194 2783 299 2836 vetere
323 2762 412 2830 sama
436 2760 560 2830 Comici
581 2783 649 2828 rem
678 2774 890 2839 assumerent3
921 2759 991 2852 quis
1020 2759 1206 2830 incredibile
1234 2762 1399 2846 existimet,
1428 2759 1591 2830 mulierem
1614 2760 1681 2830 eius
1710 2759 1820 2845 animi,
1851 2781 1943 2852 quem

191 2875 242 2945 vel
272 2869 411 2942 tantulae
438 2868 589 2963 reliquiae
617 2869 770 2963 produnt,
801 2868 918 2936 amoris
944 2868 1079 2938 stimulis
1105 2870 1267 2963 agitatam,
1291 2869 1439 2966 repulsae
1464 2869 1574 2942 dolore
1598 2893 1797 2966 oppressam,
1822 2869 1862 2938 ad
1888 2868 1942 2936 de·

192 2982 406 3081 sperationem
431 2978 598 3048 deductam
622 2976 686 3046 tale
709 2975 834 3046 facinus
858 2995 1016 3073 patrasse.
1061 2977 1186 3048 Rursus
1211 2980 1354 3066 obiicias,
1378 2979 1513 3048 forsitan
1536 2978 1625 3048 illam
1647 2979 1680 3048 in
1704 2980 1857 3064 carmine,
1882 3001 1945 3074 quo

191 3094 313 3163 irritum
342 3087 488 3159 Phaonis
518 3109 660 3155 amorem
689 3085 880 3180 deploraret,
904 3111 1002 3156 unam
1025 3088 1086 3158 sibi
1108 3088 1193 3157 hanc
1216 3087 1326 3158 salutis
1351 3089 1435 3158 viam
1464 3087 1630 3183 reliquam
1649 3088 1832 3184 scripsisse,
1860 3086 1945 3156 velut

191 3205 360 3273 Anacreon
390 3198 443 3284 ait,
467 3197 527 3266 etsi
549 3197 586 3265 is.
601 3195 664 3272 alio
695 3195 810 3266 mentis
842 3185 969 3283 allec'tu,
994 3219 1047 3293 ap.
1071 3197 1250 3292 Hephaest.
1273 3225 1307 3293 p.
1323 3212 1394 3266 130.
1425 3197 1550 3294 α’ρδεές
1567 3193 1659 3294 δηῦ1’
1675 3196 1744 3270 α’πό
1765 3194 1946 3276 Λευκάδος

192 3316 327 3409 πέτρης,
350 3311 386 3387 ἐς
406 3305 526 3378 πολιόν
548 3305 643 3394 κῦμα
665 3306 833 3397 κολομβιό
853 3304 998 3395 μεθύων
1018 3313 1129 3404 ἔρωτι.
1155 3308 1207 3377 Ex
1236 3308 1291 3378 tali
1319 3308 1413 3402 igitur
1441 3307 1525 3376 dicto
1554 3307 1703 3378 Comicos
1730 3333 1798 3376 rem
1825 3307 1944 3376 secum

197 3439 288 3519 putes
313 3417 453 3487 linxisse.
483 3415 557 3483 Hac
576 3415 611 3484 iu
635 3415 828 3484 dubitatione
851 3439 917 3484 non
941 3432 990 3485 est
1012 3415 1103 3486 nihili
1134 3418 1366 3486 aestimandum
1395 3415 1555 3485 silentium
1581 3415 1761 3487 Ptolemaei
1792 3416 1944 3512 Hephae-

192 3531 316 3630 stionis,
336 3526 423 3597 cuius
445 3552 484 3595 ex
505 3524 586 3594 libro
603 3524 739 3620 septimo
757 3524 818 3622 τῆς
835 3521 885 3604 εἰς
901 3523 1145 3614 πολυμάθειαν
1163 3527 1285 3626 καινῆς
1301 3532 1453 3622 ἱστορίας
1466 3523 1601 3595 Photius
1613 3524 1767 3600 Biblioth.
1784 3527 1855 3596 cod.
1871 3539 1943 3608 190.

194 3637 302 3734 plures
325 3653 359 3706 et
380 3661 485 3706 mares
509 3651 542 3706 et
564 3634 699 3704 feminas
723 3650 897 3720 enumerat,
922 3635 975 3729 qui
998 3658 1037 3705 10
1068 3633 1151 3704 saltn
1175 3636 1226 3705 vel
1249 3635 1373 3705 insania
1401 3635 1518 3710 amoris
1548 3635 1643 3704 soluti
1671 3635 1735 3704 sint
1763 3635 1813 3706 rel
1841 3636 1943 3731 perie·

192 3748 266 3830 rint,
296 3743 481 3841 Sapphonis
509 3749 626 3814 nornen
657 3743 695 3813 iis
719 3768 784 3812 non
813 3744 932 3812 inserit.
962 3743 1029 3814 Per
1049 3761 1153 3814 autem
1173 3746 1287 3814 mirum
1310 3762 1368 3830 est,
1398 3769 1493 3839 quum
1516 3744 1721 3814 Ptolemaeus
1747 3746 1786 3814 de
1812 3744 1942 3839 siugulis

191 3856 310 3926 exitum
333 3855 379 3922 rei
403 3853 617 3949 adscripserit,
648 3871 753 3924 utrum
782 3853 961 3923 clarissima
991 3855 1114 3950 poetria
1143 3871 1269 3922 1111111
1299 3854 1340 3922 111
1366 3878 1408 3924 arr
1440 3853 1605 3940 interierit,
1630 3877 1650 3922 a
1672 3855 1797 3922 nemine
1828 3854 1943 3922 diserte

193 3963 287 4035 tradi.
321 3960 460 4032 Ouidius
490 3963 616 4055 quidem
648 3964 732 4033 mori
759 3963 899 4033 uoluisse
935 3962 1071 4031 Heroid.
1105 3971 1154 4048 15,
1190 3971 1261 4032 180.
1289 3977 1361 4049 190,
1394 3964 1553 4032 Ausonius
1588 3963 1701 4060 Epigr.
1722 3977 1775 4046 92.
1810 3979 1944 4035 mortem

191 4073 367 4169 sumpsisse
385 4071 573 4164 significant,
601 4074 718 4143 Suidas
743 4071 1163 4170 1.Σαιιφο1111)ἰῐΙ111111111
1185 4069 1352 4166 psaltriam
1377 4073 1485 4142 scribit
1500 4075 1540 4146 ἐκ
1557 4074 1621 4145 1σῦ
1639 4071 1822 4146 Λεακάιου
1836 4101 1942 4144 κατα·

192 4188 350 4256 nonium
370 4177 513 4276 ἑαυτὴνι
535 4205 553 4248 1
576 4179 666 4250 fluxis
696 4183 898 4279 opinionibus
927 4205 1057 4266 omnes,
1086 4205 1237 4250 nemore
1266 4181 1440 4278 explorata.

324 4287 447 4360 Puellis
472 4287 681 4384 Sapphonem
704 4291 901 4361 familiariter
919 4316 1011 4360 usam
1032 4289 1082 4358 his
1103 4290 1208 4360 verbis
1231 4293 1330 4364 docet·
1350 4292 1512 4362 Maximus
1535 4293 1654 4389 Tyrr'us
1675 4292 1801 4362 dissert
1818 4290 1944 4361 XXIV.

190 4411 234 4478 Ὀ
250 4407 310 4504 τῆς
326 4403 480 4491 Λεσβίας
496 4405 592 4494 ἔρως,
617 4406 657 4470 εί
670 4429 723 4470 τοι
738 4399 807 4496 χρῆ
824 4397 1037 4498 πρεσβύτερα
1052 4407 1125 4479 τοῖς
1141 4403 1232 4481 νέοις
1247 4397 1391 4484 εἰκάσαι,
1412 4409 1449 4474 τί
1467 4405 1515 4474 ἂν
1537 4412 1591 4498 11η
1614 4400 1705 4473 ἄλλο
1721 4403 1743 4500 ἢ
1759 4433 1781 4499 η
1803 4397 1945 4496 Σωκρά-

195 4543 274 4593 τους
297 4515 403 4606 τίχνη
427 4505 570 4604 ἐρωτική
576 4537 589 4599 ,·
612 4511 759 4580 Δοκσῦσι
782 4508 849 4604 γάρ
868 4541 929 4599 μοι
952 4509 1015 4608 τήν
1037 4507 1129 4580 narei
1144 4509 1251 4582 radul
1267 4510 1428 4608 ἑκάτερος
1444 4518 1575 4609 φιλίαν,
1599 4509 1703 4607 ἠμέν
1722 4513 1908 4602 γυναικῶν,
1925 4511 1946 4580 ὁ

194 4625 236 4694 d'e'
251 4621 415 4714 ᾰῤῥίνιον
432 4617 651 4711 ἐπιτηδεῦσαι.
677 4623 736 4689 κα1
758 4615 825 4714 γιὶρ
842 4619 977 4690 πολλῶν
995 4620 1082 4715 ἐρᾶν
1104 4625 1235 4710 ἔλεγον,
1252 4628 1313 4693 καὶ
1329 4620 1394 4692 riuti
1410 4618 1549 4692 πάντων
1574 4621 1779 4692 ἁλίσκεσθαι
1794 4621 1865 4693 τῶν
1882 4649 1945 4692 κα-

192 4733 276 4806 λῶν.
301 4729 368 4814 ὄ,1ι
381 4726 450 4826 γᾰρ
468 4729 589 4818 ἐκείνῳ
606 4723 831 4822 Ἀλκιβιάδης
846 4731 907 4798 καὶ
925 4734 1110 4824 Χαρμίδης
1126 4733 1186 4800 καὶ
1206 4735 1364 4826 Φαῖδρος,
1384 4728 1485 4802 τοῦτο
1502 4729 1549 4825 τῇ
1566 4733 1702 4821 mesae
1715 4733 1750 4800 Γ
1745 4727 1870 4824 ύριννα
1885 4733 1946 4800 κα1
