4242 5300
1028 247 1092 342 26

953 363 1161 380 m

182 485 280 556 raque
303 459 397 529 meni
419 456 526 551 legem
547 454 682 524 violantz
710 453 772 523 nisi
795 478 871 524 vero
895 455 1096 549 acquiescere
1120 454 1208 524 lubet
1229 454 1263 522 in
1286 453 1400 524 Ursini
1423 452 1557 524 lectione
1581 478 1653 522 cum
1674 451 1792 542 Porto,
1815 452 1939 524 Baste-

183 597 231 656 ro,
255 571 341 654 aliis,
373 567 426 663 qni
456 565 603 661 suppleto
630 564 728 632 verbo
751 571 921 662 προσοίσω
951 565 1012 634 hoc
1036 563 1102 633 lere
1127 564 1238 632 volunt
1258 564 1414 659 poetriam
1444 564 1568 648 diceres
1604 563 1722 653 Quam
1744 565 1940 645 suadelam,

185 706 285 774 quem
307 677 509 746 aretinum
532 698 681 742 amorum
705 675 769 742 tibi
790 675 911 750 dabo?
947 673 1062 743 Verbo
1084 675 1171 743 linito
1196 697 1278 768 opus
1300 698 1372 742 esse
1395 672 1585 766 intelligens,
1609 671 1703 740 Tan..
1711 672 1739 740 F
1741 673 1818 742 aber
1839 673 1940 741 contis
1995 697 2000 715 ¹

186 793 246 860 cit:
274 794 354 860 τίνα
376 785 406 858 δ’
416 781 498 856 αὖτε
521 790 631 855 πείθω
653 787 713 854 καὶ
736 780 910 882 οαγᾷνευο
928 784 975 854 ἄν
999 781 1181 881 φιλότητα,
1214 808 1294 878 quac
1324 782 1371 852 sic
1398 783 1639 878 interpretatura
1670 782 1798 872 'Quem
1821 782 1940 850 adale-

186 909 336 968 scentem
350 897 385 964 ιἰι
401 918 549 962 amorem
572 893 791 964 suasionibus
815 893 898 960 meis
914 893 1122 976 inducerem,
1140 904 1203 962 aut
1221 892 1286 960 mli
1296 891 1677 982 amatorio..captamm.
1695 892 1778 971 ,set
1789 889 1942 960 Bothiuss

185 1014 265 1080 τίνα
287 1006 320 1078 δ’
329 1001 401 1076 αὖτ’
416 1002 546 1100 α’πειθῆ
566 1005 620 1073 rol
642 999 839 1097 auypreriaeo
861 999 1052 1100 φιλότατα,·
1074 1001 1257 1096 Volgares:
1277 1007 1359 1073 τίνα
1379 996 1494 1072 δἀὖτε
1513 1005 1622 1072 πείθω
1641 997 1710 1073 reio·
1729 997 1942 1098 σαγῆνεσσαν

185 1116 368 1218 padum,-
395 1112 623 1182 Blomlieldus:
646 1115 740 1190 τίνος
761 1107 809 1181 αὖ
830 1108 873 1182 τι)
892 1117 1010 1183 πειθοῖ
1028 1110 1121 1202 utrius
1144 1108 1354 1215 σαγὴνεαοαρ
1374 1106 1564 1208 φιλότατα,-
1580 1111 1779 1180 1Iacobsius:
1801 1116 1882 1182 τίνα
1905 1105 1940 1180 δ’

186 1224 268 1300 αὖτε
295 1231 406 1296 πείθω
434 1226 490 1295 τὶν
517 1223 732 1318 οαγηνέσοαν
759 1220 950 1318 φιλότατος
993 1221 1220 1290 Hermaunus:
1252 1227 1334 1292 τίνα
1363 1218 1395 1292 δ’
1415 1215 1498 1291 αὖτε
1525 1225 1636 1293 πείθω
1664 1217 1943 1314 κασσαγιγνεῦοαι

187 1333 373 1436 φιλότατος
400 1331 633 1400 Boissonadius
655 1329 697 1396 ad
719 1327 824 1400 Nicet.
845 1331 970 1424 Eugen.
984 1329 1046 1416 Vl,
1062 1345 1137 1408 109.
1161 1336 1241 1401 τίνα
1264 1328 1296 1401 δ’
1310 1325 1392 1401 αὖτε
1412 1334 1557 1426 πείθρμι
1575 1330 1784 1427 οαγηνεῦοαι
1801 1326 1942 1428 φιλότα-

187 1476 241 1524 τι,·
271 1442 457 1512 Maluernnt
478 1440 574 1533 igitur
596 1439 708 1532 quovis
732 1439 795 1507 alio
818 1441 959 1509 remedio
981 1440 1037 1524 uti,
1061 1445 1157 1534 quam
1176 1438 1306 1507 verbnm
1330 1437 1534 1508 scilicethac
1556 1440 1590 1508 iu
1611 1465 1646 1508 re
1671 1440 1857 1532 exquisitum
1880 1467 1944 1508 aa·

189 1551 346 1651 γιγνεὺειν
370 1566 524 1620 attentare
532 1601 549 1644 ³.
573 1548 659 1617 coins
683 1546 817 1616 alteram
840 1550 979 1644 speciem
1006 1557 1168 1644 οαγηνεῖν
1196 1548 1298 1616 nostri
1320 1547 1383 1616 loci
1411 1549 1513 1642 gratia
1540 1549 1729 1642 excogitavit
1751 1545 1942 1618 Schaelerus

189 1663 356 1753 adGreg.
373 1659 449 1728 Cor.
473 1686 507 1754 p.
523 1659 598 1742 620,
622 1658 687 1726 eius
713 1675 746 1726 ut
768 1659 926 1753 participii
949 1657 1072 1728 Aeolici
1094 1655 1250 1755 euyp'rstc
1273 1656 1377 1726 [orma
1402 1657 1554 1726 feminina
1578 1660 1619 1728 sit
1640 1655 1842 1756 οαγὴγεσοα.
1876 1653 1945 1725 Sed

189 1778 354 1868 σαγηνεῒν
373 1769 467 1836 nimis
491 1769 644 1836 incertum
662 1783 721 1852 est,
744 1768 832 1837 verbi
852 1783 956 1836 autem
980 1767 1181 1865 ooypueaieer
1204 1767 1255 1835 vix
1275 1766 1374 1836 ullam
1393 1767 1533 1836 fonnem
1553 1768 1721 1852 inveneris,
1746 1790 1945 1860 quaequam
1976 1835 1979 1838 .

192 1883 368 1950 litterarum
392 1878 534 1946 ductibus
558 1901 669 1973 presse
693 1877 879 1962 adhaereat,
907 1879 1076 1946 verborum
1100 1876 1194 1945 simul
1218 1879 1445 1946 constructioni
1467 1895 1636 1946 succurrat.
1681 1876 1855 1946 Praeterea
1881 1903 1945 1946 oo·-

188 1989 277 2088 γὴνη
301 2006 350 2058 est
375 1987 596 2070 verriculum,
628 2011 687 2054 nec
710 1987 772 2054 nisi
796 2011 834 2054 ea
857 2003 1015 2081 potestate
1040 1988 1212 2055 observata
1237 1987 1368 2054 verbnm
1390 1985 1592 2084 οαγιγνεύειτ
1614 2003 1771 2083 usurpant
1793 1984 1943 2054 Herodo-

190 2119 240 2170 tus
265 2117 297 2168 et
309 2097 417 2181 Plato,
441 2120 575 2190 qnorum
598 2121 635 2164 er
659 2096 833 2165 imitatione
856 2121 948 2163 usum
973 2096 1059 2164 verbi
1083 2097 1170 2190 apud
1191 2095 1381 2164 recentiores
1403 2096 1574 2190 Sophistas
1604 2098 1813 2166 increbruisse
1842 2117 1942 2163 anno·

191 2226 238 2280 tat
260 2207 419 2278 Valcken.
455 2207 497 2274 ad
523 2205 645 2272 Herod.
661 2204 722 2289 Vl,
745 2221 798 2289 111,
822 2205 905 2298 iique
930 2229 1008 2273 sane
1032 2205 1221 2274 vocabulum
1247 2206 1286 2274 dc
1311 2205 1423 2299 quovis
1446 2221 1513 2274 rete
1537 2207 1753 2300 frequentant,
1781 2205 1864 2274 uude
1888 2228 1943 2273 ue.-

193 2321 260 2390 scio
282 2319 362 2412 quis,
385 2316 531 2386 laudatus
551 2312 707 2406 Volgero,
730 2314 763 2383 in
785 2312 1358 2404 Anthol.Palat.X1,52.Ilacdet'‹p,
1381 2313 1624 2411 Θρασύβουλε,
1645 2317 1873 2413 οαγηνεαθελς
1891 2310 1943 2384 ὑπ’

193 2439 304 2529 ἔρωτι,
328 2442 362 2495 ut
383 2425 556 2508 Lucienus,
580 2423 726 2491 laudatus
752 2420 865 2519 Steph.
891 2423 1003 2509 Thes,
1028 2424 1066 2492 de
1091 2448 1166 2492 vero
1189 2440 1255 2492 rete
1280 2448 1388 2517 agens,
1413 2425 1555 2493 Martem
1578 2425 1802 2520 Veneremque
1826 2447 1847 2490 a
1861 2421 1944 2493 Vul-

193 2565 275 2610 cano
299 2532 563 2634 σαγηνευθῆται
582 2531 701 2600 scribit.
746 2529 825 2600 Non
848 2533 892 2601 ita
916 2533 1055 2626 antiqui:
1077 2560 1137 2602 uec
1160 2534 1304 2603 verricnli
1326 2560 1401 2602 usus
1411 2550 1461 2604 est
1482 2534 1515 2602 in
1538 2559 1601 2603 nno
1626 2537 1765 2629 quodam
1787 2534 1944 2602 venando.

191 2648 297 2720 Unius
314 2646 399 2714 enim
413 2666 520 2710 amore
535 2641 658 2735 poetria
672 2657 803 2727 tenetur,
825 2667 890 2710 non
907 2643 1047 2736 quemvis
1063 2642 1180 2712 illicere
1196 2644 1291 2740 cupit.
1313 2643 1422 2737 ‚Quod
1436 2667 1512 2713 vero
1527 2645 1659 2713 verbnm
1675 2644 1762 2713 Tan.
1777 2643 1883 2713 Faber
1897 2643 1945 2711 in·

194 2755 398 2854 terpretando
410 2751 567 2820 substituit
582 2751 780 2845 aptissimum
794 2750 938 2847 profecto
954 2753 1145 2839 reducendi,
1161 2754 1226 2822 eius
1243 2754 1441 2849 participium
1456 2753 1642 2823 leminintun
1657 2754 1751 2823 simul
1766 2772 1900 2822 metrum
1914 2769 1946 2823 et

194 2867 370 2938 orationem
385 2860 539 2956 explebit,
571 2861 600 2930 si
623 2860 808 2956 scripseris:
842 2859 1032 2953 siooyt'usea’
1048 2864 1095 2933 ἂν
1118 2861 1301 2961 φιλότατα,
1327 2863 1490 2932 inducens
1515 2865 1551 2931 in
1575 2889 1738 2944 amotum,
1770 2889 1850 2958 quae
1875 2879 1947 2938 suut

195 2970 573 3055 resuscitatione.
618 2969 696 3059 Qua
728 2972 907 3040 coniectura
930 2973 1085 3067 probata,
1115 2980 1225 3043 πείθω
1254 2974 1384 3041 verbum
1414 2975 1468 3042 liet
1494 2975 1581 3042 modi
1613 2975 1809 3043 subittnctivi.
1855 2973 1947 3042 Licet

196 3104 302 3158 annm
320 3083 450 3153 verbnm
470 3079 605 3171 α’γινεῒν
625 3078 712 3147 nullo
735 3080 797 3147 alio
818 3080 927 3149 Alcaei
950 3098 1003 3149 aot
1025 3082 1210 3177 Sapphonis
1230 3083 1302 3151 loco
1322 3084 1512 3178 reperiatur,
1536 3110 1632 3177 quum
1652 3085 1780 3153 obvium
1800 3085 1841 3154 sit
1861 3084 1946 3179 apud

165 3241 166 3244 =
197 3199 374 3268 Homerum
399 3209 430 3260 et
452 3191 669 3273 Herodotum,
698 3213 763 3256 uon
788 3190 916 3259 debebit
938 3190 1074 3259 Aeolum
1097 3217 1242 3260 sermone
1266 3191 1399 3262 excludi.
1446 3194 1525 3262 Tali
1547 3190 1732 3284 οἰοαγινιῒν
1754 3221 1819 3263 non
1842 3196 1946 3263 minus

196 3323 281 3378 recte
305 3301 484 3372 subiicietur
503 3300 599 3369 dictio
622 3299 670 3369 ἂν
691 3297 869 3397 φιλότατα,
892 3325 988 3394 quam
1009 3300 1177 3394 Theognis
1202 3327 1250 3368 vs.
1266 3302 1341 3370 386.
1366 3303 1507 3398 scripsit:
1529 3311 1626 3400 πενίη
1646 3302 1787 3401 α’νδρῶν
1806 3303 1948 3402 προάγει

196 3413 317 3508 θυμὸν
345 3415 382 3493 ἐς
412 3409 624 3504 ἀμπλακίην,
656 3425 688 3476 et
706 3408 876 3504 Euripides
906 3410 982 3479 Hel.
998 3411 1073 3479 826.
1102 3409 1165 3482 τίν’
1194 3406 1332 3503 ὑπάγεις
1361 3410 1395 3501 μ’
1416 3415 1451 3493 ἐς
1483 3415 1605 3485 ἐλπίδα
1611 3444 1623 3493 ,·
1662 3416 1735 3487 *Ar
1762 3415 1855 3485 facile
1881 3431 1949 3486 erat

197 3526 330 3597 Aeolica
351 3525 392 3594 ἐν
412 3536 543 3603 mutare,
566 3519 780 3586 necessarium
801 3543 866 3587 uon
887 3539 936 3588 est
954 3521 1065 3606 visum,
1089 3547 1184 3615 quem
1204 3521 1364 3590 Pindarus
1395 3546 1519 3618 quoque
1548 3523 1659 3594 Isthm.
1675 3542 1706 3608 b,
1732 3537 1784 3594 25.
1813 3527 1950 3596 scribat:

198 3639 381 3730 τέτραπται
413 3634 590 3701 κέλευθον
611 3629 659 3698 ἂν
686 3627 865 3725 καθαράν,
905 3647 1060 3725 potestate
1091 3657 1156 3700 non
1186 3633 1249 3700 alia
1277 3657 1372 3726 qoam
1401 3657 1463 3726 qua
1495 3634 1681 3731 Olympo,
1704 3653 1758 3718 73.
1790 3637 1881 3706 dicit:
1908 3639 1949 3718 ,ἐς

199 3739 361 3842 φανερᾰν
372 3737 455 3812 ὁδον
466 3747 638 3837 ἔρχονται.
667 3737 837 3806 Postremo
853 3735 1060 3832 ειόαγίνειοα
1070 3742 1173 3837 potios
1191 3767 1285 3836 qoam
1300 3740 1510 3833 αὀαγινεῠοα
1523 3747 1676 3831 dedimus,
1700 3747 1751 3840 qni
1766 3745 1864 3816 llexrrs
1881 3749 1948 3817 sine

204 3853 359 3924 librorum
379 3851 562 3918 auctoritate
591 3849 625 3917 in
641 3847 846 3917 Aeolensium
867 3851 1015 3943 reliquias
1037 3853 1177 3920 invectus
1201 3839 1259 3920 est.
1304 3853 1391 3922 Vide
1419 3877 1501 3947 quae
1525 3853 1685 3947 sigillatim
1708 3857 1887 3926 dictasunt
1910 3861 1949 3928 de

203 3963 363 4047 Il,3.12.
385 3956 510 4026 XLVI.
528 3975 560 4026 et
580 3957 689 4028 confer
705 3976 856 4027 annotata
872 3962 914 4028 ad
935 3961 976 4045 ll,
993 3973 1023 4028 5.
1076 3957 1230 4029 Nostrum
1259 3961 1414 4052 eiylrecoa
1437 3980 1471 4031 ut
1493 3964 1535 4031 ad
1554 3990 1699 4034 nonnam
1715 3967 1869 4036 ‘Aeolicae
1892 3968 1949 4038 lle·

202 4069 306 4141 xionis
330 4091 427 4164 supra
448 4091 514 4134 vss.
532 4084 582 4134 11.
604 4083 657 4136 20.
681 4069 881 4162 designatam
905 4096 942 4137 ex
962 4067 1138 4160 α’γινέοιοα
1160 4073 1322 4166 provenit,
1350 4073 1395 4140 ita
1419 4099 1488 4141 cum
1511 4099 1550 4143 eo
1570 4077 1682 4170 partic.
1703 4103 1801 4146 masc.
1823 4078 1951 4169 ιίγίνεις

204 4178 359 4275 congruit,
383 4177 468 4270 qood
488 4175 560 4245 httic
581 4178 715 4248 dialecto
736 4180 900 4275 proprium
922 4205 992 4248 esse
1017 4181 1132 4249 docent
1146 4181 1301 4249 blaittair.
1323 4183 1362 4250 de
1379 4183 1453 4251 dial.
1470 4183 1545 4279 ling.
1563 4187 1621 4254 Gr.
1637 4214 1669 4281 p.
1683 4204 1756 4256 1113.
1778 4191 1829 4258 ed.
1846 4191 1950 4260 Stura.

204 4309 238 4363 et
257 4291 364 4359 Koen.
386 4287 428 4354 ad
450 4286 586 4380 Gregor.
608 4286 684 4355 Cor.
709 4316 743 4383 p.
765 4304 839 4372 372.
860 4290 935 4358 620.
982 4291 1131 4360 Ceterum
1155 4293 1283 4384 quando
1305 4293 1541 4386 terminationes
1564 4297 1649 4367 εὖοα
1671 4301 1793 4368 etesiae
1817 4301 1950 4369 damna-

177 4403 182 4412 '
204 4403 317 4485 nmus,
339 4397 495 4468 noluimus
517 4413 622 4465 tamen
644 4395 821 4492 ὦργεῦντο
837 4399 951 4494 fragm.
968 4399 1091 4468 XLVI.
1114 4402 1329 4487 exterminare,
1354 4404 1439 4472 cetius
1460 4404 1531 4474 loco
1552 4406 1608 4474 illa
1624 4409 1704 4476 ratio
1725 4409 1776 4477 rel
1796 4409 1952 4506 ὦργεντο

204 4513 256 4584 v‘el
279 4513 321 4580 ad
341 4507 519 4604 exemplum
538 4506 833 4603 τε.11.ὥργηντο
854 4512 1104 4582 commendabat.
1149 4510 1331 4606 Postquam
1348 4533 1452 4584 antem
1471 4515 1677 4606 εἶοαγίνεισα
1696 4545 1767 4586 cum
1788 4521 1885 4589 verbo
1908 4523 1952 4591 si-

207 4622 291 4692 milis
315 4620 388 4690 soni
414 4617 499 4712 apud
524 4617 707 4686 inleriomm
729 4617 925 4689 saeculorum
941 4623 1109 4717 scriptores
1127 4623 1283 4693 celebrato
1300 4625 1479 4710 confusum,
1503 4651 1573 4693 cum
1594 4627 1776 4720 insequente
1797 4633 1953 4726 particula

192 4732 399 4828 'inspeciem
422 4729 593 4799 accusativi
615 4727 789 4814 coaluerat,
816 4729 986 4798 absurdum
1006 4733 1195 4802 vocabulum
1217 4733 1432 4832 οαγήνειοαν,
1461 4736 1526 4804 sive
1546 4761 1605 4830 pro
1626 4738 1782 4808 adiectivo
1805 4743 1874 4812 sive
1892 4768 1952 4838 pro
