4242 5300
207 1057 409 1208 Sapphonis
436 1129 560 1208 patrem
586 1113 914 1207 Scamandronymum
939 1112 1104 1208 appellant
1130 1115 1312 1184 Herodotus
1332 1113 1378 1198 11,
1398 1121 1469 1182 135.
1507 1111 1658 1182 Aelianus
1679 1111 1724 1184 V.
1741 1114 1785 1183 H.
1804 1115 1881 1200 XII,
1901 1129 1951 1198 19.

135 1291 142 1308 ,
206 1219 879 1319 8111111111Ρ111111.Ρ.119.Β11111.
916 1221 1016 1313 Quod
1037 1248 1155 1293 nomen
1178 1227 1231 1320 qui
1253 1240 1285 1294 et
1305 1223 1368 1318 ipsi
1391 1221 1501 1292 litteris
1525 1223 1760 1316 consignarunt,
1784 1225 1901 1294 Snidas
1921 1242 1953 1294 et
2060 1241 2066 1256 ‘

204 1329 363 1417 Eudocia,
394 1331 435 1400 ab
457 1330 528 1400 aliis
552 1356 623 1400 eam
646 1331 747 1404 filiam
765 1331 924 1427 perhiberi
948 1333 1090 1402 scribunt
1113 1340 1282 1423 Σίμωνος,
1309 1329 1523 1420 Εὐνομίνου,
1552 1347 1712 1427 (proquo
1736 1335 1891 1402 Knsterus
1915 1361 1952 1402 ex

204 1439 296 1508 codd.
317 1440 424 1508 Paris.
443 1441 585 1534 prodidit
609 1439 808 1539 Edpp‘rovp
839 1439 1034 1537 Ἠεριγύου,
1066 1444 1168 1538 (apud
1194 1443 1373 1511 Eudociarn
1401 1440 1515 1535 legitur
1541 1440 1747 1538 Eripcyrioo)
1772 1440 1952 1538 'Expdroaa

204 1547 335 1648 Σῆμου,
357 1547 540 1638 Κάμωνος,
561 1548 747 1646 Ἐτᾶρχου.
792 1547 945 1648 Kalpiton
967 1556 1027 1622 real
1053 1552 1182 1649 πατρός
1203 1549 1411 1648 Edpvyripou
1436 1550 1502 1620 filia
1525 1551 1636 1618 dicitnr
1657 1552 1690 1618 in
1713 1547 1951 1645 epigrammate,

204 1659 290 1752 quod
317 1657 446 1728 scholiis
469 1659 651 1728 Pindaricis
678 1660 902 1755 praemittitur,
927 1679 973 1728 v's.
985 1659 1021 1742 63
1052 1663 1111 1730 sed
1133 1661 1271 1730 Ursinus
1294 1675 1333 1730 et·
1349 1660 1442 1729 codd.
1456 1659 1549 1729 Vrat.
1566 1660 1606 1728 A.
1624 1661 1663 1730 C.
1680 1659 1769 1729 Gott.
1786 1660 1893 1728 Mose.
1908 1661 1951 1728 B.

202 1765 415 1864 Εὑρυγόρου.
459 1767 586 1836 Horum
616 1767 855 1854 vocabulorum,
888 1793 1082 1863 quamquam
1113 1769 1265 1865 pleraque
1297 1769 1404 1837 omnia
1435 1769 1609 1864 depravata
1636 1784 1722 1854 sunt,
1757 1767 1822 1839 alia
1849 1787 1951 1840 ortum

201 1875 320 1945 habent
346 1901 366 1944 a
392 1875 556 1945 nominum
581 1877 849 1974 dnoaopcouxoiu
874 1877 1017 1963 licentia,
1045 1880 1131 1974 apud
1152 1879 1260 1954 Dores
1283 1877 1461 1972 Aeolesque
1490 1879 1554 1962 late
1578 1877 1799 1965 disseminata,
1827 1879 1891 1948 alia
1913 1907 1950 1948 ex
2078 1905 2098 1937 ¹-

202 1983 386 2055 confnsione
412 1985 635 2078 cognominum
663 1987 861 2081 quorundam
887 1987 1027 2056 virorum
1054 1988 1095 2056 ad
1121 2003 1246 2080 patrem
1271 1987 1412 2081 poetriae
1440 2003 1513 2054 sumt
1538 1981 1692 2056 traducta.
1737 1985 1827 2058 Nam
1855 2015 1951 2083 quum

201 2094 286 2187 apud
306 2093 429 2164 Atticos
450 2094 665 2164 mutilatorum
686 2119 761 2164 usus
784 2083 947 2166 nominuin
969 2095 1003 2165 in
1024 2109 1067 2175 ᾶξ
1088 2095 1265 2164 exeuntium
1286 2095 1370 2164 intra
1391 2093 1451 2163 hos
1474 2095 1552 2164 fines
1577 2113 1779 2182 coerceretur,
1801 2114 1836 2166 ut
1857 2099 1949 2166 fami-

201 2199 287 2270 liaris
314 2204 375 2272 ista
402 2202 574 2299 appellatio
603 2206 702 2274 servis
729 2207 860 2300 propria
887 2223 986 2292 esset,
1018 2206 1103 2301 apud
1130 2221 1250 2274 ceteras
1275 2204 1430 2274 Graeciae
1458 2221 1566 2298 gentes
1591 2205 1634 2274 ad
1654 2203 1792 2274 illustres
1816 2209 1950 2276 eandem

200 2308 344 2380 homines
370 2313 559 2410 pertinuisse
585 2330 693 2383 mouet
719 2312 861 2384 Lobeclt.
884 2317 927 2383 ad
948 2313 1070 2409 Phryn.
1085 2341 1119 2412 p.
1132 2329 1207 2392 131.
1249 2313 1301 2382 Ad
1323 2313 1449 2382 illorum
1470 2313 1565 2407 igitur
1587 2313 1835 2401 similitudinem,
1850 2403 1854 2414 ,
1869 2341 1949 2411 quae

200 2443 220 2487 a
242 2418 389 2490 Bentleio
412 2423 518 2518 Epist.
534 2424 577 2493 ad
596 2423 683 2494 Mill.
698 2451 732 2519 p.
744 2435 819 2492 521.
835 2424 887 2494 ed.
901 2424 993 2520 Lips.
1009 2440 1041 2494 et
1062 2423 1186 2494 Sturzio
1212 2423 1251 2492 de
1274 2421 1349 2492 dial.
1365 2423 1456 2492 Alex.
1471 2450 1504 2518 p.
1520 2431 1592 2490 135.
1616 2441 1767 2519 congesta
1791 2442 1872 2511 sunt,
1896 2426 1950 2520 qui

198 2529 292 2626 plene
316 2532 628 2628 Scamandronymus
650 2535 836 2621 vocabatur,
866 2534 989 2628 vulgari
1015 2558 1160 2603 sermone
1183 2533 1328 2620 Σκαμᾶς
1354 2532 1405 2601 vel
1427 2532 1558 2601 Aeolico
1587 2549 1693 2602 tenore
1717 2533 1861 2624 Σκᾶμας
1888 2535 1950 2604 dici

197 2655 333 2734 poterat.
371 2643 438 2712 Sed
465 2641 653 2712 Eustathius
681 2645 724 2712 ad
748 2645 871 2738 Odyss.
887 2672 919 2714 κ.
933 2672 966 2741 p.
979 2658 1055 2728 390.
1069 2644 1150 2712 Β11.
1174 2643 1308 2711 alteram
1339 2641 1600 2724 deminutivorum
1629 2644 1767 2740 speciem
1794 2660 1950 2713 memorat
2075 2705 2078 2710 .
2106 2733 2109 2758 ,

198 2747 323 2842 syllaba
345 2749 433 2834 linali
454 2755 506 2825 ἵν
525 2753 693 2846 insignem,
716 2752 844 2851 eiusque
867 2752 1012 2849 exempla
1034 2753 1168 2849 apponit
1188 2750 1345 2842 Βάκχων
1366 2768 1397 2819 11
1419 2757 1548 2840 Σίμων,
1572 2777 1632 2846 pro
1654 2753 1784 2847 integris
1803 2760 1949 2845 Βακχυ-

197 2863 295 2956 λίδης
321 2875 353 2928 11
378 2867 571 2956 Σιμωνίδης
600 2863 778 2932 substituta.
822 2864 949 2932 Eodem
978 2863 1164 2931 traxerimus
1194 2861 1425 2930 Thebanorum
1450 2862 1581 2930 nomina
1608 2861 1731 2938 Ξένων
1758 2880 1790 2931 11
1813 2865 1948 2946 Macco,

198 2969 237 3036 de
254 2969 378 3063 'quilius
403 2969 637 3064 ThucdeII,
654 2987 704 3056 19.
749 2971 836 3040 Hinc
862 2973 966 3042 nostri
991 2972 1129 3041 hominis
1156 2995 1273 3040 nomen
1300 2986 1425 3066 poterat
1451 2970 1483 3038 in
1511 2970 1648 3038 sormam
1670 2970 1822 3062 Σκάμων
1850 2973 1947 3043 abire.

197 3083 353 3164 Ze'pctnvoe
380 3080 550 3171 genuinum
571 3097 659 3150 ratus
684 3081 827 3150 Kocnius
851 3083 892 3150 ad
918 3082 1054 3176 Gregor.
1073 3109 1108 3176 p.
1121 3096 1195 3165 290.
1219 3105 1279 3178 pro
1302 3078 1420 3178 Σήμου
1441 3077 1625 3174 postulabat
1646 3084 1780 3171 Σιμοῦ.4
1803 3081 1946 3152 Illustra·
2024 3149 2027 3160 ,

160 3179 166 3192 ’
196 3204 263 3256 tarn
284 3186 383 3257 habos
407 3188 561 3283 originem
583 3215 696 3259 vocum
717 3191 918 3262 mediocriter
940 3191 1126 3260 affectatum
1149 3189 1277 3288 Σὴμου,
1305 3195 1476 3279 Σίμωνος,
1504 3187 1691 3278 Κάμωνος,
1717 3191 1845 3285 reliquis
1873 3217 1946 3287 per·

196 3322 307 3393 peram
331 3297 517 3394 Sapphonis
539 3316 632 3396 pater
652 3317 762 3370 auctus
789 3317 848 3370 est.
891 3301 1039 3395 Erigyius
1065 3302 1150 3370 enim
1174 3299 1404 3394 lllytilcnaeus,
1432 3298 1486 3394 qui
1512 3299 1605 3367 siurul
1633 3327 1704 3368 cum
1726 3300 1945 3371 Laomedonte

196 3406 293 3478 111111
320 3408 402 3478 inter
428 3408 608 3503 praefectos
631 3409 806 3480 Alexandri
828 3410 945 3504 Magni
972 3410 1148 3480 celebratus
1177 3427 1240 3495 est,
1269 3410 1354 3503 quod
1381 3425 1472 3505 patre
1499 3425 1592 3478 natus
1620 3426 1688 3479 crat
1714 3407 1867 3494 Larich0‚
1897 3411 1946 3480 cui

196 3518 417 3612 cognominem
438 3519 571 3590 fratrem
594 3519 729 3616 Sappho
751 3520 905 3606 habebat,
933 3520 1055 3590 videtur
1081 3517 1242 3604 ellecisse,
1269 3534 1317 3602 11,
1347 3511 1446 3586 semel
1474 3519 1595 3587 duobus
1618 3514 1765 3586 Laiichis
1793 3515 1944 3604 confusis,

196 3651 292 3719 quum
317 3629 416 3721 patris
444 3651 562 3700 nomen
584 3631 833 3716 sciscitarentur,
864 3647 897 3700 et
919 3631 1010 3698 toties
1033 3645 1166 3725 nepotes
1190 3628 1257 3696 aris
1281 3628 1485 3721 cognomines
1507 3627 1604 3696 fnisse
1626 3627 1872 3714 meminissent,
1889 3629 1945 3698 lilii

195 3733 394 3814 vocalsulum¹
409 3738 596 3832 arriperent,
628 3739 714 3832 quod
741 3739 861 3834 antiqui
882 3738 1014 3808 Larichi
1040 3740 1182 3833 adeoquo
1212 3737 1396 3833 sapphonis
1422 3737 1509 3832 patri
1535 3737 1757 3830 imponeretur.
1803 3737 1944 3808 Matrem

196 3842 333 3928 Clidem,
355 3849 500 3934 Kastra,
524 3847 585 3916 soli
606 3865 732 3944 praeter
753 3849 990 3944 epigrammatis
1013 3848 1097 3918 illius
1120 3864 1280 3916 auctorem
1302 3846 1467 3915 nominant
1490 3845 1606 3915 Suidas
1630 3862 1662 3915 et
1682 3846 1837 3932 Eudocia,
1867 3873 1943 3942 qna·-

194 3969 326 4048 propter
344 3953 500 4040 timemus,
518 3983 559 4025 ne
578 3983 686 4028 nnsus
708 3959 866 4052 cognitum
882 3957 1068 4057 sapphonis
1090 3958 1172 4026 filiae
1192 3981 1309 4026 nomeu
1329 3957 1371 4024 ad
1387 3955 1527 4022 ciusdem
1541 3971 1674 4024 matrem
1690 3954 1876 4024 translatum
1892 3959 1943 4026 sit.

195 4061 231 4132 Si
254 4062 334 4132 fides
358 4061 489 4131 debetur
510 4066 630 4136 Ovidio
650 4067 784 4139 Heroid.
800 4070 915 4156 15,61,
940 4093 995 4138 sex
1018 4091 1120 4136 annos
1142 4084 1219 4135 nata
1240 4065 1339 4162 patris
1361 4079 1497 4131 mortem
1516 4063 1602 4133 luxit.
1635 4065 1668 4132 ls
1692 4066 1819 4159 quidem
1840 4067 1941 4134 ambi-

194 4197 289 4264 guum
307 4173 450 4267 parentis
470 4175 657 4244 vocabulum
676 4179 791 4273 posuit,
816 4181 874 4248 sod
897 4195 1032 4248 matrem
1055 4176 1179 4273 poetria
1203 4192 1238 4244 ut
1261 4173 1461 4268 superstitem
1486 4172 1655 4268 alloquitur
1675 4173 1790 4268 fragm.
1802 4173 1940 4246 XXXII.

192 4281 322 4351 Fratres
343 4283 372 4351 ei
392 4300 535 4352 auctores
555 4285 682 4380 probati
701 4285 798 4358 luisse
819 4305 974 4357 testantur
989 4288 1172 4359 Claranum
1193 4299 1225 4352 et
1238 4282 1420 4366 Larichum,
1442 4283 1553 4378 quibus
1574 4285 1699 4356 tertium
1715 4285 1831 4355 Suidas
1851 4283 1941 4354 addit

192 4392 375 4486 Eurygium,
397 4419 490 4487 quern
510 4396 551 4464 ad
571 4387 708 4463 nominis
728 4396 867 4464 eiusdem
888 4397 938 4465 vel
959 4395 1072 4464 similis
1091 4412 1216 4490 patrem
1235 4392 1448 4486 ablegandum
1469 4394 1620 4466 ducimus.
1642 4393 1825 4477 Larichum,
1846 4417 1939 4487 quern

194 4500 310 4570 Suidas
333 4502 419 4571 male
441 4501 611 4601 Λᾶρνχον
633 4505 754 4591 scribit,
777 4506 948 4574 identidem
971 4529 1063 4572 soror
1079 4503 1282 4590 laudaverat,
1305 4519 1340 4571 ut
1360 4502 1475 4597 pocula
1497 4502 1700 4596 Mytilenaeis
1721 4503 1755 4569 iu
1777 4501 1938 4596 Prytaneo

192 4611 431 4698 ministrantem,
454 4615 498 4682 uti
519 4615 659 4684 resenmt
677 4614 793 4684 Athen.
806 4613 850 4682 X.
862 4643 895 4710 p.
909 4631 984 4692 121.
1002 4631 1078 4683 extr.
1112 4613 1260 4682 Eustath.
1276 4613 1318 4681 ad
1337 4611 1729 4708 Iliad.v.p.1280.Bas.
1763 4611 1808 4679 Et
1828 4611 1936 4680 Schol.

192 4717 475 4800 1111111111.
506 4725 677 4795 eorumdem
707 4723 847 4794 locorum
877 4739 1014 4810 memor,
1049 4730 1134 4804 ἔθος
1162 4719 1219 4820 ἦν,
1249 4723 1362 4815 inquit,
1393 4724 1442 4801 ‹ds—
1466 4725 1527 4792 καὶ
1556 4716 1687 4818 Σαπφώ
1715 4749 1809 4818 φησι,
1839 4725 1938 4802 νέους

1564 4841 1619 4908 11]
1681 4829 1687 4850 “
