4274 5290
1029 203 1090 305 94

185 438 309 510 Herod.
328 437 354 525 Ι,
373 452 426 521 37.
456 435 608 507 Aeschin.
628 435 662 504 in
682 433 828 529 Ctesiph.
848 441 939 519 ι.38,
961 449 1012 504 10.
1059 431 1130 505 Nec
1152 433 1285 504 multum
1309 433 1428 504 distant
1449 433 1529 504 haec
1553 435 1735 532 Sophoclis,
1766 437 1838 520 παῖς
1856 441 1946 532 βλέ-

186 580 272 640 πων,
296 549 436 618 Philoct.
453 562 526 635 110,
561 555 666 618 ποῖον
688 545 787 636 ὄμμα
812 542 963 638 δηλώσω,
979 550 1097 643 πατρί,
1121 544 1299 632 Αἰ31.162,
1322 561 1355 615 et
1375 544 1552 641 Euripidis,
1585 555 1690 622 ποῖον
1721 547 1820 640 ὄμμα
1852 581 1947 640 nvp.

186 659 299 755 βάλω,
322 657 425 756 lphig.
443 656 518 728 Aul.
535 665 611 736 115.

1002 869 1129 944 CXIV.

198 987 201 998 '
311 985 512 1082 'Apollonius
537 985 577 1056 de
599 984 741 1053 Adverh.
756 1008 789 1078 Ρ.
803 952 878 1065 596.
908 979 984 1056 Ὃν
1001 980 1136 1082 τρόπον
1156 983 1216 1053 καὶ
1240 977 1291 1054 ἐπ’
1308 979 1495 1074 ὀνομάτων
1514 986 1755 1076 μεταπλααμοὶ
1776 990 1947 1077 γίνονται,

186 1095 349 1195 καθάπερ
379 1093 419 1168 τά
443 1093 694 1194 ἐρυσάρματες,
727 1091 767 1166 τό
788 1101 879 1180 λῖτα,
910 1091 952 1165 τά
972 1091 1071 1190 παρά
1100 1096 1245 1189 Σαπφοῖ
1267 1090 1351 1180 αάα,
1384 1090 1425 1163 τά
1448 1095 1698 1191 πυργοκὲρατα
1722 1093 1821 1193 παρά
1843 1102 1946 1172 Βακ-

64 1224 68 1234 ’
185 1216 323 1306 χυλίδρ,
352 1205 508 1280 δυνατόν
538 1209 597 1276 καὶ
618 1209 673 1276 ἐπὶ
703 1205 769 1276 τοῦΙ
791 1210 940 1295 ἔναγχος
959 1203 1170 1294 γεγενῆσθαι
1192 1197 1255 1275 τάν
1279 1200 1532 1295 σχηματισμόν.
1578 1203 1723 1275 Koenius
1746 1203 1780 1274 in
1803 1207 1944 1302 Gregor.

187 1347 220 1416 p.
235 1335 311 1397 113.
334 1317 443 1387 scribit
465 1313 508 1386 τά
537 1313 636 1413 παρά
667 1318 812 1411 Σαπφοῖ
838 1313 919 1401 ἄνα,
949 1313 1045 1407 idque
1073 1311 1206 1381 Bastius
1237 1311 1355 1381 dictum
1382 1313 1561 1407 suspicatur
1581 1338 1641 1408 pro
1664 1315 1814 1404 ἄνασσα,
1849 1341 1945 1411 quem

187 1455 281 1500 estun
302 1425 439 1497 nominis
463 1425 553 1508 ἅναξ
573 1449 612 1491 ex
634 1421 795 1516 Aeschylo
818 1421 990 1492 memoriae
1011 1422 1153 1518 prodidit
1177 1420 1306 1507 Suidas,
1330 1423 1416 1516 apud
1429 1421 1609 1492 Pindarum
1628 1421 1725 1518 Pyth.
1742 1437 1792 1510 12,
1814 1440 1845 1494 3.
1870 1424 1943 1496 Cn·-

188 1540 241 1610 tici
258 1549 445 1634 agnoscunt.
484 1533 530 1602 At
551 1533 614 1602 hoc
635 1529 853 1627 metaplasmis
877 1531 1080 1601 annumerari
1101 1556 1166 1601 non
1190 1530 1337 1601 debehat.
1375 1531 1475 1622 Quod
1491 1530 1656 1602 Bellerns
1681 1559 1718 1602 ex
1742 1535 1852 1605 codice
1874 1537 1943 1606 edi·

190 1651 246 1736 dit,
271 1647 355 1733 αάα,
379 1642 557 1713 mutilatum
579 1658 671 1737 putes
694 1668 733 1710 ex
756 1642 861 1728 ναῦα,
896 1641 1076 1710 accusativo
1099 1639 1234 1710 Aeolico
1265 1639 1402 1713 nominis
1430 1643 1529 1731 ναῦς,
1565 1643 1619 1736 qui
1640 1642 1749 1714 lonico
1771 1646 1841 1736 νῆα
1864 1647 1944 1716 satis

190 1757 379 1839 defenditur,
403 1752 630 1821 Grammaticis
654 1769 761 1822 tamen
784 1749 951 1819 anomalus
973 1750 1075 1820 videri
1095 1764 1232 1845 poterat
1277 1749 1331 1819 An
1352 1777 1425 1820 vere
1449 1753 1596 1822 scn'hitur
1613 1751 1721 1847 Etym.
1739 1753 1825 1822 Gud.
1843 1782 1877 1850 p.
1890 1766 1945 1842 95,

188 1882 241 1936 21.
265 1863 331 1959 τήν
349 1863 402 1959 ἠῶ
421 1871 459 1934 οἱ
477 1859 617 1942 Αἰολεῖς
639 1861 735 1934 αὕαν
754 1866 871 1958 φασίν,
896 1876 927 1928 ct
949 1860 1056 1954 Etym·
1075 1859 1126 1928 M·
1142 1885 1174 1954 p·
1195 1875 1267 1945 174,
1283 1867 1335 1930 38.
1359 1857 1457 1957 παρά
1482 1861 1547 1955 τήν
1568 1861 1665 1934 αὗαν
1686 1859 1861 1946 Αἰολικῶς
1879 1863 1945 1958 τήν

186 1978 334 2074 ἡμέραν.
381 1972 587 2066 Quamquam
608 1969 773 2040 latendum
795 1985 853 2054 est,
888 1987 1020 2064 utroque
1044 1969 1116 2038 loco
1139 1969 1307 2038 admisceri
1329 1969 1419 2052 αὖος
1439 1987 1471 2040 et
1492 1971 1595 2061 αὖον,
1632 1997 1729 2067 quaro
1753 1973 1942 2070 Sylburgius

188 2104 221 2157 et
242 2083 334 2160 αὖον
357 2099 388 2154 et
410 2083 506 2158 αὖαν
526 2081 679 2156 mutanda
700 2095 791 2180 putat
812 2079 845 2151 in
867 2078 955 2171 αάά,
980 2080 1067 2178 quod
1088 2079 1244 2174 reperitur
1265 2079 1373 2176 Etym.
1389 2079 1440 2150 M.
1455 2109 1489 2178 p.
1506 2096 1578 2168 171,
1602 2098 1630 2150 t.

321 2413 567 2485 Choerohoscus
598 2409 642 2478 ad
670 2408 893 2480 Theodosium
922 2409 957 2478 in
982 2408 1122 2478 Belrlreri
1149 2408 1296 2481 Anecdd.
1322 2407 1382 2479 Gr.
1407 2436 1440 2507 Ρ.
1460 2417 1555 2494 1389.
1599 2414 1734 2484 Κίνδυν
1762 2418 1946 2498 κίνδυνος·

187 2527 278 2599 οὕτω
306 2524 345 2599 δι’
369 2531 437 2620 ἔφη
469 2515 601 2618 Σαπφοῖ
624 2515 689 2592 τάν
712 2527 888 2592 κίνδυνον.
916 2519 936 2591 o'
956 2520 1044 2610 γοῦν
1063 2517 1230 2601 Ἀλκαῖος
1255 2517 1479 2619 τήνδοτινήν
1505 2525 1571 2618 ἔφη
1594 2523 1642 2613 τῷ
1660 2520 1823 2616 κινδύνῳ.
1852 2525 1943 2616 αὕτη

187 2639 226 2709 δέ
255 2637 279 2730 ἡ
305 2640 468 2712 κίνδυνος
501 2627 617 2727 yeneno}
641 2626 826 2721 μετάγεται
854 2627 904 2710 εἰς
930 2628 1085 2717 εὐθεῖαν,
1109 2634 1169 2701 καὶ
1196 2636 1329 2720 γίνεται
1349 2629 1370 2701 ὁ
1391 2636 1564 2719 κίνδυνος,
1597 2631 1711 2730 ὥσπερ
1730 2633 1750 2704 ὁ
1771 2631 1850 2730 ψάρ
1876 2639 1945 2708 τοῦ

186 2740 305 2841 propo}
329 2746 390 2814 καὶ
420 2743 441 2813 ὁ
469 2738 598 2838 ιμάρος,
622 2739 643 2810 ὁ
669 2736 768 2836 Τριάς
795 2741 860 2811 τοῦ
883 2737 1005 2836 Τριοός
1027 2743 1087 2809 καὶ
1110 2741 1131 2810 ὁ
1157 2737 1290 2839 Τρωός.
1344 2738 1455 2809 Codex
1477 2741 1498 2812 ὁ
1517 2739 1591 2838 φάρ
1614 2745 1678 2814 τοῦ
1698 2741 1813 2842 φορὸς
1837 2729 1944 2817 καὶὸ

188 2852 324 2953 φάροςι
358 2851 494 2921 correxit
515 2848 679 2918 Belkcrus
703 2874 741 2917 ex
763 2849 871 2942 Etym.
888 2848 939 2918 M.
957 2875 989 2942 p.
1004 2859 1147 2933 511,11.
1175 2848 1282 2942 Etym.
1301 2848 1387 2918 Gud.
1404 2877 1437 2944 p.
1454 2860 1594 2937 32225.
1617 2851 1671 2922 uhi
1693 2852 1816 2939 eadem,
1839 2856 1942 2923 omis-

189 2965 234 3032 sis
258 2979 425 3056 poctarum
446 2959 636 3044 nominihus,
659 2957 814 3052 leguntur.
858 2955 1086 3027 Nominativus
1116 2962 1240 3029 κίνδυν
1268 2959 1448 3028 dubitamus
1478 2985 1553 3030 num
1581 2961 1614 3030 in
1641 2961 1731 3030 lihris
1756 2962 1942 3058 Sapphonis

189 3073 333 3144 inventus
358 3070 408 3156 sit,
443 3069 496 3164 qui
519 3069 622 3163 possit
645 3067 817 3138 euformis
840 3067 1068 3163 metaplasticis
1092 3064 1215 3138 effictus
1238 3092 1310 3138 esse
1332 3067 1460 3154 talibus,
1502 3070 1613 3164 quales
1637 3087 1751 3142 tractat
1771 3073 1942 3145 Buttman-

190 3207 249 3254 uus
274 3207 320 3278 gr.
343 3177 427 3276 plen
448 3192 476 3262 §.
493 3180 545 3248 56.
568 3203 642 3248 ann.
660 3193 709 3246 13.

324 3509 444 3580 Suidas
468 3536 497 3578 v.
519 3503 671 3600 Ἀηδιάνι
694 3510 754 3578 καὶ
777 3502 919 3598 αήδοῧς,
943 3505 989 3587 τάς
1017 3503 1152 3606 Σαπφοῖ
1169 3502 1260 3578 κατά
1283 3511 1559 3601 Μιτυληναίους.
1607 3505 1789 3578 Scholiasta
1813 3510 1941 3605 Sopho·

191 3621 247 3692 clis
271 3620 445 3700 Aiac623.
469 3620 492 3711 ἦ
514 3615 611 3712 αἠδτά
633 3618 671 3689 δι’
692 3613 784 3687 κατά
807 3621 1085 3709 Μιτυληναίους.
1140 3615 1234 3705 Quae
1259 3617 1429 3686 secundum
1453 3617 1587 3688 Suidam
1610 3616 1813 3712 interpolavit
1835 3620 1941 3690 Brun·

88 3733 93 3738 ’
192 3732 289 3802 clius.
337 3727 472 3825 Sappho
497 3728 524 3796 si
547 3753 585 3796 ea
607 3725 740 3798 flexione
763 3750 822 3795 usa
845 3742 903 3810 est,
933 3725 1046 3795 saltem
1069 3725 1196 3821 scripsit
1217 3725 1347 3818 αἠδῶςι
1384 3728 1441 3796 scd
1464 3727 1574 3796 forsan
1601 3727 1662 3797 hoc
1685 3729 1730 3808 ὠς
1753 3728 1887 3826 Σαπφιδ
1908 3746 1942 3800 ut

192 3839 371 3934 exemplum
394 3839 459 3908 eius
484 3836 707 3908 declinationis
731 3837 875 3906 additum
897 3852 956 3922 est,
980 3861 1076 3930 quam
1097 3831 1217 3930 αἠιλαῖν
1239 3837 1396 3906 interdum
1421 3853 1579 3932 sequatur.

995 4053 1135 4124 CXVII.

327 4162 509 4234 SchOllaSla
529 4163 675 4234 Venetus
698 4163 790 4233 Iliad·
813 4171 839 4252 ξ·
864 4177 939 4240 241·
989 4165 1048 4254 Τῷ
1080 4165 1279 4261 χαρακτῆρι
1310 4160 1502 4255 γενόμενον
1532 4165 1658 4257 ὅμοιον
1692 4167 1741 4257 τῷ
1766 4161 1860 4262 ιὀίην
1882 4177 1941 4244 καὶ

192 4277 366 4370 άγαγοίην
388 4271 485 4370 παρά
508 4277 654 4372 Σαπφοῖ
669 4277 729 4346 καὶ
753 4275 801 4366 τῷ
822 4277 1017 4369 πεπαγοίρν
1038 4273 1119 4372 παρ’
1140 4270 1326 4360 Εὐπόλιδι,
1360 4269 1503 4356 εἰκότας
1525 4273 1778 4374 ἕβαρυτονὴθρ
1801 4277 1842 4350 τά
1866 4284 1940 4353 ἐπι.

195 4393 323 4483 οχοίρς.
370 4383 454 4452 Huic
475 4383 648 4477 άγαγοίην
674 4384 869 4454 simillimum
891 4399 940 4453 est
961 4389 1113 4477 λαχοίην
1135 4382 1170 4452 in
1197 4383 1339 4452 versibus
1364 4384 1534 4479 Sapphicis
1563 4385 1672 4454 incerti
1695 4388 1832 4457 auctoris
1856 4390 1940 4484 apud

112 4552 119 4564 .
198 4496 405 4592 Apollonium
430 4493 468 4559 de
486 4495 574 4585 synt.
591 4493 649 4561 lll.
672 4518 703 4585 p.
718 4495 792 4578 316,
817 4493 904 4588 quod
923 4507 1014 4562 notat
1035 4509 1199 4587 tamquam
1209 4491 1348 4562 Atticum
1362 4493 1566 4564 Phanorinus
1590 4494 1660 4564 Ecl.
1683 4521 1715 4590 p.
1728 4503 1801 4566 289.
1826 4498 1939 4588 Diod,

196 4633 235 4676 ex
257 4607 363 4674 Attico
385 4607 539 4697 λαχοίρν
564 4599 649 4694 apud
671 4600 789 4670 Aeoles
813 4603 879 4671 lieri
906 4600 1042 4701 λαχόρν
1071 4602 1186 4696 legitur
1217 4603 1250 4671 in
1270 4601 1377 4696 Etym.
1394 4601 1444 4670 M.
1461 4629 1493 4698 Ρ.
1510 4612 1654 4688 551133.
1699 4605 1746 4674 Et
1766 4604 1940 4706 oe’yceyolpo

139 4731 142 4736 '
195 4733 226 4790 ct
250 4719 398 4808 λαχοίην
417 4710 527 4783 aoristi
550 4727 639 4782 snut:
673 4725 813 4780 attamen
843 4711 1035 4806 Apollonius
1064 4712 1103 4782 dc
1128 4710 1222 4781 Coni.
1243 4736 1275 4805 Ρ.
1293 4723 1366 4790 531.
1396 4711 1492 4782 affort
1513 4718 1640 4812 λεγοίη,
1669 4721 1800 4813 φοροίη.
1842 4716 1940 4789 Dice.
