4274 5290
1018 256 1088 372 97.

174 479 245 552 elici
267 499 334 546 non
355 485 471 568 potest.
515 469 648 540 Habent
669 483 775 540 autem
796 466 858 538 hoc
880 493 937 540 eae
958 495 1133 558 commune,
1157 469 1242 564 qnod
1264 468 1298 538 in
1319 483 1451 564 utraque
1472 471 1562 565 pueri
1584 470 1728 542 diumurr
1749 475 1852 569 perdi:
1867 475 1926 546 ita·

174 615 235 686 qne
262 582 433 656 formulam
461 579 502 650 ad
531 579 751 676 explicandum
779 579 978 677 propositam
1000 579 1082 650 hanc
1111 597 1200 678 patet
1228 579 1342 650 luisse:
1376 579 1493 652 Γελλιδ
1511 585 1763 681 τταιδολίτειρα.
1816 585 1928 656 Tanto

172 700 345 800 proclivius
369 691 490 762 librarii
513 691 547 760 in
569 690 667 760 istum
689 715 826 762 errorem
848 690 933 784 lapsi
956 706 1043 776 snut,
1079 691 1165 785 quod
1192 692 1333 784 seqnitur
1354 714 1470 760 nomen
1491 693 1722 787 φιλοτεκνοντ
1758 711 1929 790 postquam

173 808 409 908 comparativus
432 802 613 896 irrepserat,
635 817 780 896 receptus
804 819 852 872 est
875 801 969 870 ctiam
993 800 1148 895 genitivus
1171 801 1331 879 Falleris.

308 1132 425 1206 Strabo
447 1127 539 1198 XIII.
562 1155 596 1225 p.
611 1129 687 1197 615.
732 1123 807 1199 Εἶτ’
826 1131 865 1200 ἕν
883 1125 1011 1199 τ’κατδν
1034 1133 1187 1207 σταδίοις
1205 1125 1264 1199 ἄττ’
1284 1126 1427 1208 Ἐλαίας
1446 1126 1575 1208 πόλεως
1588 1128 1756 1227 Αἰολικῆς
1774 1127 1927 1224 ἤΚάνη,

173 1252 216 1328 τά
230 1251 403 1341 ἀνταῖρον
416 1237 637 1339 ἀκρωτήριον
651 1237 700 1329 τῷ
713 1239 847 1328 Λίκτῳ,
873 1241 935 1309 καὶ
949 1240 1074 1309 ποιοῦν
1095 1235 1157 1308 τάν
1171 1235 1461 1334 Ἀδραμυττηνδν
1475 1236 1617 1321 κόλπον,
1647 1235 1691 1309 οὗ
1704 1241 1813 1336 μίρος
1827 1245 1887 1312 καὶ
1908 1241 1930 1314 o'

173 1352 371 1434 Ἑλαϊτικός
385 1353 479 1428 ἔστι.Ι
502 1347 622 1422 Κάναι
637 1348 674 1420 δὲ
689 1353 873 1438 πολίχνιον
886 1349 1037 1444 Λοκρῶν
1052 1349 1121 1436 τάν
1136 1351 1175 1419 ἐκ
1191 1344 1324 1434 Κάνου,
1348 1343 1440 1428 κατά
1459 1347 1505 1418 τά
1524 1348 1619 1444 ἄκρα
1641 1347 1701 1439 τῆς
1715 1351 1863 1440 Λίσβου
1885 1348 1930 1421 roi

173 1466 380 1546 vottcdma,
394 1466 556 1554 κείμενον
570 1461 610 1530 ἐν
624 1459 666 1555 τῇ
680 1461 837 1545 Καναίᾳ·
851 1455 940 1550 αὕτη
957 1459 996 1528 δὲ
1009 1460 1116 1554 μέχρι
1131 1459 1201 1528 τάν
1216 1454 1456 1552 Ἀργινουσῶν
1477 1453 1588 1548 διήκει
1610 1461 1670 1528 καὶ
1690 1461 1751 1548 τῆς
1769 1459 1929 1556 ὑπερκει-

173 1585 281 1675 μεύης
302 1575 425 1672 άκρας,
451 1571 497 1663 ἢν
516 1565 610 1660 Αἶγά
629 1594 719 1648 τινες
739 1562 970 1656 ὀνομάζουσιν
990 1565 1184 1656 ὁμωνύμως
1203 1568 1253 1658 τῷ
1275 1564 1363 1658 ζτίῳ·
1392 1573 1447 1638 δεῖ
1463 1567 1503 1638 δὲ
1521 1568 1665 1663 μακράς
1686 1565 1749 1665 την
1764 1571 1930 1666 δευτέραν

175 1685 354 1785 συλλαβην
367 1683 525 1780 ε’κφίρειν
540 1674 668 1768 Λῖγάν,
690 1678 736 1756 ὦς
754 1673 868 1747 durate
888 1680 948 1747 καὶ
971 1675 1098 1774 ἀρχάν·
1122 1674 1215 1746 οὕτω
1235 1671 1305 1773 γάρ
1329 1680 1389 1747 καὶ
1413 1673 1455 1748 τά
1474 1673 1558 1773 ὄρος
1578 1676 1663 1752 ὅλον
1681 1675 1886 1768 ὠνομάζετο,
1909 1679 1931 1751 ὅ

174 1803 241 1875 νῦν
261 1793 390 1887 Κάνην
410 1795 471 1862 καὶ
492 1786 616 1868 Κάνος
638 1790 787 1878 λέγουσι·
915 1785 1063 1884 ὕστερον
1085 1785 1125 1856 δὲ
1147 1783 1236 1856 αὑτά
1258 1783 1301 1856 td
1322 1783 1542 1882 α’κρτστὴριον
1561 1783 1658 1875 Λίγά
1680 1791 1855 1884 κέκληται,
1885 1791 1932 1870 τάς

181 1904 313 2006 Σαπφώ
328 1931 421 2001 φησι,
444 1897 487 1972 τά
501 1899 541 1970 δὲ
555 1894 681 1970 λοιπδν
695 1893 798 1991 Κάνη
813 1897 873 1965 καὶ
890 1893 1018 1966 Κάναι.
1063 1893 1176 1988 Vulgo
1200 1891 1307 1985 αίγάν
1326 1896 1372 1974 σάς
1386 1893 1499 1966 άκτᾶν
1512 1897 1572 1966 καὶ
1588 1894 1715 1991 ἀρχάν,
1737 1913 1767 1965 et
1781 1898 1865 1988 αίγιτ
1880 1897 1930 1970 vel

175 2019 273 2111 Λίγά
291 2014 490 2110 κεκλῆσθαι.
535 2005 666 2078 Nomen
688 2003 788 2097 Aega,
812 2004 925 2097 inquit,
955 2003 1031 2072 olim
1054 2005 1203 2074 universo
1226 2003 1327 2072 monti
1348 2003 1542 2098 impositum,
1575 2021 1687 2097 postea
1709 2009 1930 2100 promontorio

177 2131 335 2201 seclusum
357 2139 416 2210 ost,
438 2146 476 2191 ac
497 2135 582 2190 totns
605 2139 699 2186 mons
722 2115 825 2184 dictos
850 2113 941 2184 Cane
963 2115 1014 2184 vel
1039 2115 1163 2186 Canace
1187 2130 1219 2186 et
1240 2112 1300 2184 hoc
1324 2113 1432 2183 artiori
1455 2113 1638 2206 significatu
1661 2114 1825 2208 legebatur
1846 2117 1931 2210 apud

130 2286 135 2296 ·
176 2238 393 2336 Sapphonem.

312 2563 492 2638 Scholiasta
513 2555 679 2656 Apollonii
700 2553 820 2642 Rhodii
834 2553 894 2642 ΙΠ,
910 2555 962 2624 26.
977 2443 1239 2636 (ilidiidX-rlcdnog
1252 2554 1320 2646 μὲν
1333 2552 1541 2652 Ἀφροδίτης
1564 2549 1628 2626 τάν
1643 2553 1786 2650 Ἔρωτα
1809 2583 1930 2644 γενεα..

164 2687 284 2777 ’λογεῖζ
313 2671 447 2772 Eunoen*
470 2671 508 2743 δί
529 2669 600 2768 Γῆς
621 2671 681 2738 καὶ
710 2662 889 2762 Ου’ρανοῦ.
932 2665 1034 2734 Addit
1057 2666 1138 2734 alios
1162 2664 1253 2734 aliter
1276 2665 1487 2734 decernentes.
1532 2663 1704 2757 Excerpsit
1726 2664 1805 2736 haec
1819 2665 1930 2734 Eudo-

178 2799 228 2868 cia
249 2821 282 2890 p.
299 2797 372 2878 158.
418 2784 506 2854 Hinc
528 2776 745 2870 corrigendum
767 2775 845 2844 vidit
866 2772 1075 2844 Blomfioldus
1098 2773 1230 2868 Argum.
1248 2773 1386 2846 Theocr.
1406 2791 1455 2860 1³,
1478 2773 1533 2842 ubi
1553 2774 1591 2843 de
1611 2774 1720 2843 eadem
1736 2774 1931 2868 quaestione,

185 2897 320 3000 Σατιφτδ
339 2895 548 2993 Ἀφροδίτης
569 2893 629 2959 καί
651 2884 821 2985 Οὐρανοῦ
828 2913 836 2954 2
872 2885 933 2954 etsi
954 2869 1136 2954 Pairsanias
1159 2883 1218 2970 IX,
1242 2899 1293 2968 27.
1317 2885 1373 2970 ait,
1408 2882 1581 2982 Σατιφτδή
1604 2885 1740 2978 Λεσβία
1762 2881 1875 2956 πολλά
1895 2915 1931 2958 τε
2005 2863 2009 2870 ⁴

177 3019 238 3090 καί
260 3009 329 3102 οὐχ
352 3004 593 3098 ὁμολογοῦντα
615 2995 780 3089 α’λλήλοις
803 2998 839 3076 ἐς
854 2996 998 3092 Ἔρωτα
1020 2993 1088 3092 ᾖσι.
1134 2990 1214 3065 Non
1243 2993 1353 3066 haberi
1381 2993 1535 3064 Amorem
1557 2992 1697 3064 Veneris
1725 2991 1825 3063 filium
1848 2994 1933 3090 apud

180 3123 397 3221 Sapphonem‚
419 3114 498 3184 dixit
521 3108 684 3180 Maximus
709 3107 828 3208 Tyrius
850 3105 965 3199 [ragm.
980 3101 1134 3212 LXXXI.

994 3321 1136 3393 CXXV.
1733 3377 1738 3384 .

313 3443 494 3520 Scholiasta
515 3437 683 3536 Apollonii
704 3433 826 3506 Rhodii
846 3432 909 3530 IV,
926 3441 990 3516 57.
1018 3436 1108 3528 Περὶ
1130 3431 1169 3504 δά
1189 3432 1255 3504 τοῦ
1277 3433 1338 3526 τῆς
1354 3430 1510 3526 Σελήνης
1532 3437 1662 3530 ἔρωτος
1684 3436 1815 3527 ἱστορεῖ
1833 3435 1931 3504 Σαπ-

180 3561 236 3666 φτιῖ
257 3565 318 3634 καί
330 3561 529 3651 Νίκανδρος
551 3555 590 3624 ἐν
612 3549 764 3644 δευτέρῳ
779 3540 962 3641 Εάράτιης.
985 3545 1120 3633 λέγεται
1143 3541 1182 3613 δὲ
1202 3545 1435 3640 κατέρχεσθαι
1456 3541 1505 3622 είς
1527 3544 1630 3614 τοῦτο
1652 3538 1694 3610 ud
1714 3541 1846 3636 α”ντρον
1868 3539 1933 3635 κήκ
1981 3551 1985 3562 ’

187 3670 344 3772 Σελήνην
365 3662 454 3763 πρός
475 3661 710 3752 Ἐνδυμίωνα.
755 3655 836 3724 Cod.
851 3653 976 3722 Paris:
1007 3655 1091 3749 φασὶ
1112 3649 1180 3748 γᾰρ
1201 3655 1437 3748 κατέρχεσθαι
1465 3647 1528 3747 τήν
1555 3646 1711 3742 Σελήνην
1738 3646 1932 3745 rodofiae-

183 3789 343 3874 δυμίισνα
365 3769 585 3850 καθεύδοντα
607 3764 717 3842 eorde
739 3767 777 3836 ἐν
800 3764 848 3856 τῷ
870 3759 1002 3853 Λάτμῳ
1025 3761 1073 3852 τῷ
1095 3761 1180 3858 ὄρει.

978 3977 1138 4051 cxxvt

316 4105 497 4178 Scholiasta
519 4097 655 4172 Hesiodi
677 4096 721 4168 O.
737 4111 770 4166 et
783 4095 828 4167 I).
842 4109 895 4176 ΤΒ.
946 4089 1079 4189 Σαπφώ
1101 4119 1181 4188 φησι
1202 4085 1268 4183 τήν
1293 4086 1420 4160 Heroni
1441 4085 1648 4185 Ἀφροδίτης
1669 4089 1861 4186 θυγατέρα.
1895 4087 1934 4158 In

182 4247 276 4294 versu
297 4215 433 4290 Hesiodi
456 4211 564 4283 Suada
587 4207 718 4279 Gratias
741 4203 917 4290 comitatur,
941 4201 1064 4272 Veneri
1090 4225 1185 4295 saepe
1208 4225 1279 4270 eam
1302 4198 1429 4292 adiungi
1450 4198 1587 4268 ostendit
1605 4196 1785 4268 Boeclrhius
1808 4195 1933 4292 Explic.

182 4332 277 4404 Pind.
291 4328 387 4424 Pyah.
403 4341 434 4412 9,
451 4337 504 4403 oo.

974 4527 1150 4600 CXXVII.

316 4655 497 4728 Pausanias
520 4653 548 4740 1,
563 4665 617 4736 29,
630 4663 663 4718 2.
710 4640 903 4718 Κατιοῦσιν
925 4643 960 4720 ἐς
982 4638 1045 4737 την
1065 4636 1287 4736 Ἀκαδημίαν
1313 4633 1503 4736 περίβολός
1526 4640 1619 4710 ἐστιν
1639 4611 1853 4730 Ἀρτεμιδος,
1876 4638 1934 4706 καί

182 4771 294 4858 ξόανα
315 4769 478 4866 Ἀρίστης
499 4765 559 4836 καὶ
581 4764 796 4854 Καλλίστης·
818 4755 863 4834 τάς
884 4753 952 4846 μίν
973 4749 1041 4843 ἐγώ
1063 4751 1163 4836 δοκῶ,
1187 4755 1246 4822 καὶ
1268 4749 1438 4841 ὁμολογεῖ
1455 4745 1499 4822 τά
1521 4753 1585 4838 liro
1607 4741 1652 4815 τά
1678 4739 1855 4840 Σαπφοῦς,
1877 4747 1936 4842 τῆς

1537 4865 1615 4934 [13]
