<?xml version="1.0" encoding="UTF-8"?>
<!DOCTYPE html PUBLIC "-//W3C//DTD XHTML 1.0 Transitional//EN"
    "http://www.w3.org/TR/xhtml1/DTD/xhtml1-transitional.dtd">
<html xmlns="http://www.w3.org/1999/xhtml" xml:lang="en" lang="en">
 <head>
  <title>
</title>
<meta http-equiv="Content-Type" content="text/html;charset=utf-8" />
  <meta name='ocr-system' content='tesseract 3.04.00' />
  <meta name='ocr-capabilities' content='ocr_page ocr_carea ocr_par ocr_line ocrx_word'/>
</head>
<body>
  <div class='ocr_page' id='page_1' title='image "./sapphonismytile00neuegoog_0109.png"; bbox 0 0 4274 5290; ppageno 0'>
   <div class='ocr_carea' id='block_1_1' title="bbox 1026 239 1086 338">
    <p class='ocr_par' dir='ltr' id='par_1_1' title="bbox 1026 239 1086 338">
     <span class='ocr_line' id='line_1_1' title="bbox 1026 239 1086 338; baseline -0.033 0"><span class='ocrx_word' id='word_1_1' title='bbox 1026 239 1086 338; x_wconf 87' lang='lat'><strong>98</strong></span> 
     </span>
    </p>
   </div>
   <div class='ocr_carea' id='block_1_2' title="bbox 147 457 1944 1108">
    <p class='ocr_par' dir='ltr' id='par_1_2' title="bbox 147 457 1944 1108">
     <span class='ocr_line' id='line_1_2' title="bbox 183 457 1943 580; baseline -0.013 -25"><span class='ocrx_word' id='word_1_2' title='bbox 183 473 391 580; x_wconf 70' lang='grc' dir='ltr'><strong><em>Ἀρτέμιδός</em></strong></span> <span class='ocrx_word' id='word_1_3' title='bbox 412 471 501 550; x_wconf 77' lang='grc' dir='ltr'><em>εἰσιν</em></span> <span class='ocrx_word' id='word_1_4' title='bbox 521 469 709 573; x_wconf 63' lang='lat' dir='ltr'><strong>sucessione</strong></span> <span class='ocrx_word' id='word_1_5' title='bbox 729 465 846 544; x_wconf 82' lang='grc' dir='ltr'><em>αὗται·</em></span> <span class='ocrx_word' id='word_1_6' title='bbox 868 468 1058 562; x_wconf 78' lang='grc' dir='ltr'><em>λεγόμενον</em></span> <span class='ocrx_word' id='word_1_7' title='bbox 1080 467 1120 542; x_wconf 81' lang='lat' dir='ltr'><strong>de&#39;</strong></span> <span class='ocrx_word' id='word_1_8' title='bbox 1140 471 1200 540; x_wconf 77' lang='grc' dir='ltr'><strong>καὶ</strong></span> <span class='ocrx_word' id='word_1_9' title='bbox 1216 466 1330 539; x_wconf 80' lang='grc' dir='ltr'><em>ἄλλον</em></span> <span class='ocrx_word' id='word_1_10' title='bbox 1350 468 1385 546; x_wconf 78' lang='grc' dir='ltr'><strong>ἐς</strong></span> <span class='ocrx_word' id='word_1_11' title='bbox 1406 461 1515 546; x_wconf 68' lang='lat' dir='ltr'><strong>adscit</strong></span> <span class='ocrx_word' id='word_1_12' title='bbox 1536 462 1646 556; x_wconf 81' lang='grc' dir='ltr'><em>λόγον</em></span> <span class='ocrx_word' id='word_1_13' title='bbox 1659 459 1759 544; x_wconf 73' lang='lat' dir='ltr'><strong>ehtde</strong></span> <span class='ocrx_word' id='word_1_14' title='bbox 1778 457 1943 561; x_wconf 76' lang='grc' dir='ltr'><em>ὑπερβή-</em></span> 
     </span>
     <span class='ocr_line' id='line_1_3' title="bbox 186 571 1942 682; baseline -0.014 -17"><span class='ocrx_word' id='word_1_15' title='bbox 186 621 303 682; x_wconf 82' lang='grc' dir='ltr'><strong>σομαι.</strong></span> <span class='ocrx_word' id='word_1_16' title='bbox 358 587 456 678; x_wconf 84' lang='lat' dir='ltr'><strong>Quod</strong></span> <span class='ocrx_word' id='word_1_17' title='bbox 478 583 647 680; x_wconf 79' lang='lat' dir='ltr'><strong>postremis</strong></span> <span class='ocrx_word' id='word_1_18' title='bbox 671 582 775 651; x_wconf 88' lang='lat' dir='ltr'><strong>verbis</strong></span> <span class='ocrx_word' id='word_1_19' title='bbox 799 582 880 650; x_wconf 89' lang='lat' dir='ltr'><strong>inest</strong></span> <span class='ocrx_word' id='word_1_20' title='bbox 902 580 1054 674; x_wconf 76' lang='lat' dir='ltr'><strong>mysticae</strong></span> <span class='ocrx_word' id='word_1_21' title='bbox 1077 579 1239 648; x_wconf 88' lang='lat' dir='ltr'><strong>doctrinae</strong></span> <span class='ocrx_word' id='word_1_22' title='bbox 1268 577 1426 661; x_wconf 87' lang='lat' dir='ltr'><strong>indicium,</strong></span> <span class='ocrx_word' id='word_1_23' title='bbox 1463 575 1525 644; x_wconf 92' lang='lat' dir='ltr'><strong>hac</strong></span> <span class='ocrx_word' id='word_1_24' title='bbox 1546 603 1581 646; x_wconf 90' lang='lat' dir='ltr'><strong>re</strong></span> <span class='ocrx_word' id='word_1_25' title='bbox 1603 576 1815 657; x_wconf 85' lang='lat' dir='ltr'><strong>confirmatur,</strong></span> <span class='ocrx_word' id='word_1_26' title='bbox 1856 571 1942 670; x_wconf 87' lang='lat' dir='ltr'><strong>quod</strong></span> 
     </span>
     <span class='ocr_line' id='line_1_4' title="bbox 187 683 1944 790; baseline -0.013 -18"><span class='ocrx_word' id='word_1_27' title='bbox 187 703 243 772; x_wconf 84' lang='lat' dir='ltr'><strong>lib.</strong></span> <span class='ocrx_word' id='word_1_28' title='bbox 258 699 355 784; x_wconf 84' lang='lat' dir='ltr'>VIII,</span> <span class='ocrx_word' id='word_1_29' title='bbox 372 707 423 782; x_wconf 82' lang='lat'><strong>35,</strong></span> <span class='ocrx_word' id='word_1_30' title='bbox 438 711 470 779; x_wconf 77' lang='grc'><strong>7.</strong></span> <span class='ocrx_word' id='word_1_31' title='bbox 492 693 660 790; x_wconf 88' lang='lat' dir='ltr'><strong>Pampbos</strong></span> <span class='ocrx_word' id='word_1_32' title='bbox 691 693 811 787; x_wconf 90' lang='lat' dir='ltr'><strong>primus</strong></span> <span class='ocrx_word' id='word_1_33' title='bbox 838 690 965 759; x_wconf 88' lang='lat' dir='ltr'><strong>Dianae</strong></span> <span class='ocrx_word' id='word_1_34' title='bbox 994 695 1383 785; x_wconf 72' lang='lat' dir='ltr'><strong>uehiturryscognomen</strong></span> <span class='ocrx_word' id='word_1_35' title='bbox 1408 685 1602 781; x_wconf 83' lang='lat' dir='ltr'>imposuisse</span> <span class='ocrx_word' id='word_1_36' title='bbox 1631 685 1752 756; x_wconf 84' lang='lat' dir='ltr'><strong>dieiuu.</strong></span> <span class='ocrx_word' id='word_1_37' title='bbox 1798 683 1944 752; x_wconf 89' lang='lat' dir='ltr'><strong>Hecaten</strong></span> 
     </span>
     <span class='ocr_line' id='line_1_5' title="bbox 191 789 1944 897; baseline -0.011 -17"><span class='ocrx_word' id='word_1_38' title='bbox 191 812 250 882; x_wconf 88' lang='lat' dir='ltr'><strong>sub</strong></span> <span class='ocrx_word' id='word_1_39' title='bbox 273 809 399 879; x_wconf 90' lang='lat' dir='ltr'><strong>nomine</strong></span> <span class='ocrx_word' id='word_1_40' title='bbox 423 809 621 897; x_wconf 78' lang='grc' dir='ltr'><em>Καλλίστης</em></span> <span class='ocrx_word' id='word_1_41' title='bbox 645 802 679 870; x_wconf 92' lang='lat' dir='ltr'><strong>in</strong></span> <span class='ocrx_word' id='word_1_42' title='bbox 702 801 868 872; x_wconf 84' lang='lat' dir='ltr'>Ceramico</span> <span class='ocrx_word' id='word_1_43' title='bbox 892 799 1009 870; x_wconf 91' lang='lat' dir='ltr'><strong>cultam</strong></span> <span class='ocrx_word' id='word_1_44' title='bbox 1031 798 1128 868; x_wconf 78' lang='lat' dir='ltr'><strong>refert</strong></span> <span class='ocrx_word' id='word_1_45' title='bbox 1149 797 1340 891; x_wconf 86' lang='lat' dir='ltr'><strong>Hesychius.</strong></span> <span class='ocrx_word' id='word_1_46' title='bbox 1395 796 1544 866; x_wconf 84' lang='lat' dir='ltr'><strong>Ceterum</strong></span> <span class='ocrx_word' id='word_1_47' title='bbox 1566 795 1622 864; x_wconf 85' lang='lat' dir='ltr'><strong>illa</strong></span> <span class='ocrx_word' id='word_1_48' title='bbox 1644 795 1784 879; x_wconf 91' lang='lat' dir='ltr'><strong>nomina,</strong></span> <span class='ocrx_word' id='word_1_49' title='bbox 1816 789 1944 886; x_wconf 85' lang='lat' dir='ltr'><strong>proprie</strong></span> 
     </span>
     <span class='ocr_line' id='line_1_6' title="bbox 147 899 1943 1017; baseline -0.012 -26"><span class='ocrx_word' id='word_1_50' title='bbox 147 958 149 962; x_wconf 95' lang='lat'>·</span> <span class='ocrx_word' id='word_1_51' title='bbox 190 921 254 1017; x_wconf 87' lang='lat' dir='ltr'><strong>ipsi</strong></span> <span class='ocrx_word' id='word_1_52' title='bbox 274 919 400 988; x_wconf 86' lang='lat' dir='ltr'><strong>Dianae</strong></span> <span class='ocrx_word' id='word_1_53' title='bbox 422 916 533 1000; x_wconf 90' lang='lat' dir='ltr'><strong>indita,</strong></span> <span class='ocrx_word' id='word_1_54' title='bbox 558 915 592 982; x_wconf 95' lang='lat' dir='ltr'><strong>in</strong></span> <span class='ocrx_word' id='word_1_55' title='bbox 615 909 822 1004; x_wconf 81' lang='lat' dir='ltr'><strong>singularium</strong></span> <span class='ocrx_word' id='word_1_56' title='bbox 843 911 974 1008; x_wconf 77' lang='lat' dir='ltr'><strong>dearum</strong></span> <span class='ocrx_word' id='word_1_57' title='bbox 996 908 1083 979; x_wconf 90' lang='lat' dir='ltr'><strong>illius</strong></span> <span class='ocrx_word' id='word_1_58' title='bbox 1107 907 1258 979; x_wconf 91' lang='lat' dir='ltr'><strong>comitum</strong></span> <span class='ocrx_word' id='word_1_59' title='bbox 1280 905 1437 977; x_wconf 86' lang='lat' dir='ltr'><strong>vocabula</strong></span> <span class='ocrx_word' id='word_1_60' title='bbox 1459 906 1612 992; x_wconf 88' lang='lat' dir='ltr'><strong>abierunt,</strong></span> <span class='ocrx_word' id='word_1_61' title='bbox 1640 921 1676 975; x_wconf 89' lang='lat' dir='ltr'><strong>ut</strong></span> <span class='ocrx_word' id='word_1_62' title='bbox 1690 905 1870 997; x_wconf 79' lang='grc' dir='ltr'><em>Ἀκρατος</em></span> <span class='ocrx_word' id='word_1_63' title='bbox 1891 899 1943 970; x_wconf 86' lang='lat' dir='ltr'><strong>fa·</strong></span> 
     </span>
     <span class='ocr_line' id='line_1_7' title="bbox 194 1017 1008 1108; baseline -0.015 -8"><span class='ocrx_word' id='word_1_64' title='bbox 194 1046 261 1102; x_wconf 88' lang='lat' dir='ltr'><strong>ctus</strong></span> <span class='ocrx_word' id='word_1_65' title='bbox 284 1044 334 1099; x_wconf 90' lang='lat' dir='ltr'><strong>est</strong></span> <span class='ocrx_word' id='word_1_66' title='bbox 354 1024 475 1095; x_wconf 90' lang='lat' dir='ltr'><strong>Bacchi</strong></span> <span class='ocrx_word' id='word_1_67' title='bbox 496 1022 648 1108; x_wconf 81' lang='lat' dir='ltr'><strong>minister,</strong></span> <span class='ocrx_word' id='word_1_68' title='bbox 670 1017 857 1100; x_wconf 76' lang='grc' dir='ltr'><em>Ἐνυάλιος</em></span> <span class='ocrx_word' id='word_1_69' title='bbox 879 1019 1008 1089; x_wconf 85' lang='lat' dir='ltr'><strong>Martis.</strong></span> 
     </span>
    </p>
   </div>
   <div class='ocr_carea' id='block_1_3' title="bbox 189 1333 2037 2981">
    <p class='ocr_par' dir='ltr' id='par_1_3' title="bbox 195 1333 1952 1998">
     <span class='ocr_line' id='line_1_8' title="bbox 326 1333 1948 1447; baseline -0.01 -26"><span class='ocrx_word' id='word_1_70' title='bbox 326 1353 504 1422; x_wconf 82' lang='lat' dir='ltr'><strong>Pausanias</strong></span> <span class='ocrx_word' id='word_1_71' title='bbox 527 1351 585 1436; x_wconf 90' lang='lat' dir='ltr'><strong>IX,</strong></span> <span class='ocrx_word' id='word_1_72' title='bbox 601 1365 654 1434; x_wconf 78' lang='lat'><strong>29,</strong></span> <span class='ocrx_word' id='word_1_73' title='bbox 670 1365 701 1418; x_wconf 75' lang='grc'><strong>3.</strong></span> <span class='ocrx_word' id='word_1_74' title='bbox 744 1345 875 1447; x_wconf 65' lang='grc' dir='ltr'><em>Σαπφώ</em></span> <span class='ocrx_word' id='word_1_75' title='bbox 903 1347 1082 1446; x_wconf 81' lang='grc' dir='ltr'><em>ἡΛεσβία</em></span> <span class='ocrx_word' id='word_1_76' title='bbox 1112 1343 1174 1416; x_wconf 79' lang='grc' dir='ltr'><strong>τοῦ</strong></span> <span class='ocrx_word' id='word_1_77' title='bbox 1196 1340 1382 1417; x_wconf 79' lang='grc' dir='ltr'><em>Οἰτολίνου</em></span> <span class='ocrx_word' id='word_1_78' title='bbox 1413 1339 1455 1414; x_wconf 80' lang='lat' dir='ltr'><strong>sd</strong></span> <span class='ocrx_word' id='word_1_79' title='bbox 1476 1339 1590 1432; x_wconf 75' lang='grc' dir='ltr'><em>ὄνομα</em></span> <span class='ocrx_word' id='word_1_80' title='bbox 1611 1343 1649 1414; x_wconf 73' lang='grc' dir='ltr'><strong>ἐκ</strong></span> <span class='ocrx_word' id='word_1_81' title='bbox 1672 1340 1743 1414; x_wconf 71' lang='grc' dir='ltr'><strong>τῶν</strong></span> <span class='ocrx_word' id='word_1_82' title='bbox 1766 1339 1855 1412; x_wconf 81' lang='lat' dir='ltr'><strong>s&#39;noir</strong></span> <span class='ocrx_word' id='word_1_83' title='bbox 1876 1333 1948 1406; x_wconf 79' lang='lat' dir='ltr'><strong>coir</strong></span> 
     </span>
     <span class='ocr_line' id='line_1_9' title="bbox 197 1449 1947 1564; baseline -0.014 -24"><span class='ocrx_word' id='word_1_84' title='bbox 197 1463 348 1564; x_wconf 66' lang='grc' dir='ltr'><em>Πάμφω</em></span> <span class='ocrx_word' id='word_1_85' title='bbox 369 1464 543 1552; x_wconf 73' lang='grc' dir='ltr'><strong>μαθοῦσα,</strong></span> <span class='ocrx_word' id='word_1_86' title='bbox 566 1461 723 1533; x_wconf 74' lang='lat' dir='ltr'><strong>&#39;Aoum</strong></span> <span class='ocrx_word' id='word_1_87' title='bbox 749 1459 838 1548; x_wconf 81' lang='grc' dir='ltr'>ὁμοῦ</span> <span class='ocrx_word' id='word_1_88' title='bbox 863 1463 923 1529; x_wconf 80' lang='grc' dir='ltr'><strong>καὶ</strong></span> <span class='ocrx_word' id='word_1_89' title='bbox 953 1454 1142 1528; x_wconf 76' lang='grc' dir='ltr'><strong><em>Οἰτόλινον</em></strong></span> <span class='ocrx_word' id='word_1_90' title='bbox 1170 1451 1241 1550; x_wconf 76' lang='grc' dir='ltr'><strong>ᾖσε.</strong></span> <span class='ocrx_word' id='word_1_91' title='bbox 1295 1452 1506 1526; x_wconf 88' lang='lat' dir='ltr'><strong>Dioscorides</strong></span> <span class='ocrx_word' id='word_1_92' title='bbox 1534 1450 1666 1520; x_wconf 80' lang='lat' dir='ltr'><strong>Anthol.</strong></span> <span class='ocrx_word' id='word_1_93' title='bbox 1685 1450 1759 1520; x_wconf 84' lang='lat' dir='ltr'><strong>Pal.</strong></span> <span class='ocrx_word' id='word_1_94' title='bbox 1774 1449 1852 1534; x_wconf 82' lang='lat' dir='ltr'><strong>Vll,</strong></span> <span class='ocrx_word' id='word_1_95' title='bbox 1868 1461 1947 1530; x_wconf 76' lang='grc'><strong>407.</strong></span> 
     </span>
     <span class='ocr_line' id='line_1_10' title="bbox 195 1561 1950 1666; baseline -0.011 -19"><span class='ocrx_word' id='word_1_96' title='bbox 195 1601 268 1647; x_wconf 90' lang='lat' dir='ltr'><strong>eam</strong></span> <span class='ocrx_word' id='word_1_97' title='bbox 289 1575 408 1657; x_wconf 88' lang='lat' dir='ltr'><strong>laudat,</strong></span> <span class='ocrx_word' id='word_1_98' title='bbox 436 1573 522 1665; x_wconf 88' lang='lat' dir='ltr'><strong>qnod</strong></span> <span class='ocrx_word' id='word_1_99' title='bbox 544 1568 701 1666; x_wconf 78' lang='grc' dir='ltr'><em>Κινὺρεω</em></span> <span class='ocrx_word' id='word_1_100' title='bbox 722 1572 804 1640; x_wconf 75' lang='grc' dir='ltr'><em>νέον</em></span> <span class='ocrx_word' id='word_1_101' title='bbox 834 1573 934 1666; x_wconf 69' lang='lat' dir='ltr'><strong>iprae</strong></span> <span class='ocrx_word' id='word_1_102' title='bbox 955 1565 1159 1662; x_wconf 79' lang='grc' dir='ltr'><em>ὀδυρομένη,</em></span> <span class='ocrx_word' id='word_1_103' title='bbox 1186 1563 1376 1664; x_wconf 66' lang='grc' dir='ltr'><strong>Ἀφροδίτῃ</strong></span> <span class='ocrx_word' id='word_1_104' title='bbox 1398 1561 1605 1660; x_wconf 77' lang='grc' dir='ltr'><em>σῦνθρηνος,</em></span> <span class='ocrx_word' id='word_1_105' title='bbox 1637 1561 1803 1631; x_wconf 84' lang='lat' dir='ltr'><strong>beatorum</strong></span> <span class='ocrx_word' id='word_1_106' title='bbox 1825 1583 1950 1628; x_wconf 89' lang='lat' dir='ltr'><strong>sacrum</strong></span> 
     </span>
     <span class='ocr_line' id='line_1_11' title="bbox 195 1665 1952 1771; baseline -0.011 -15"><span class='ocrx_word' id='word_1_107' title='bbox 195 1710 309 1756; x_wconf 90' lang='lat' dir='ltr'><strong>nemus</strong></span> <span class='ocrx_word' id='word_1_108' title='bbox 331 1681 516 1750; x_wconf 82' lang='lat' dir='ltr'><strong>visitaverit.</strong></span> <span class='ocrx_word' id='word_1_109' title='bbox 571 1681 657 1750; x_wconf 89' lang='lat' dir='ltr'><strong>Hinc</strong></span> <span class='ocrx_word' id='word_1_110' title='bbox 683 1679 885 1748; x_wconf 86' lang='lat' dir='ltr'><strong>verisimilius</strong></span> <span class='ocrx_word' id='word_1_111' title='bbox 920 1675 1097 1771; x_wconf 88' lang='lat' dir='ltr'><strong>Sapphoni,</strong></span> <span class='ocrx_word' id='word_1_112' title='bbox 1120 1697 1217 1769; x_wconf 90' lang='lat' dir='ltr'><strong>qnam</strong></span> <span class='ocrx_word' id='word_1_113' title='bbox 1245 1675 1373 1759; x_wconf 86' lang='lat' dir='ltr'><strong>Alcaeo,</strong></span> <span class='ocrx_word' id='word_1_114' title='bbox 1405 1673 1493 1744; x_wconf 77' lang='lat' dir='ltr'><strong>usius</strong></span> <span class='ocrx_word' id='word_1_115' title='bbox 1527 1673 1611 1741; x_wconf 90' lang='lat' dir='ltr'><strong>inter</strong></span> <span class='ocrx_word' id='word_1_116' title='bbox 1637 1671 1815 1765; x_wconf 75' lang='lat' dir='ltr'><strong>hugmeuta</strong></span> <span class='ocrx_word' id='word_1_117' title='bbox 1841 1665 1952 1738; x_wconf 88' lang='lat' dir='ltr'><strong>retulit</strong></span> 
     </span>
     <span class='ocr_line' id='line_1_12' title="bbox 197 1781 1950 1884; baseline -0.008 -20"><span class='ocrx_word' id='word_1_118' title='bbox 197 1791 422 1874; x_wconf 86' lang='lat' dir='ltr'><strong>Blomfieldus,</strong></span> <span class='ocrx_word' id='word_1_119' title='bbox 445 1790 620 1859; x_wconf 84' lang='lat' dir='ltr'><strong>tribuentur</strong></span> <span class='ocrx_word' id='word_1_120' title='bbox 642 1789 675 1858; x_wconf 95' lang='lat' dir='ltr'><strong>hi</strong></span> <span class='ocrx_word' id='word_1_121' title='bbox 696 1813 817 1874; x_wconf 87' lang='lat' dir='ltr'><strong>versus,</strong></span> <span class='ocrx_word' id='word_1_122' title='bbox 839 1788 880 1856; x_wconf 87' lang='lat' dir='ltr'><strong>ab</strong></span> <span class='ocrx_word' id='word_1_123' title='bbox 904 1785 1145 1884; x_wconf 87' lang='lat' dir='ltr'><strong>Hephaestione</strong></span> <span class='ocrx_word' id='word_1_124' title='bbox 1168 1812 1201 1882; x_wconf 92' lang='lat' dir='ltr'><strong>p.</strong></span> <span class='ocrx_word' id='word_1_125' title='bbox 1214 1795 1267 1868; x_wconf 82' lang='lat'><strong>59.</strong></span> <span class='ocrx_word' id='word_1_126' title='bbox 1291 1784 1360 1854; x_wconf 90' lang='lat' dir='ltr'><strong>sine</strong></span> <span class='ocrx_word' id='word_1_127' title='bbox 1383 1783 1512 1872; x_wconf 89' lang='lat' dir='ltr'><strong>nomine</strong></span> <span class='ocrx_word' id='word_1_128' title='bbox 1526 1782 1672 1852; x_wconf 87' lang='lat' dir='ltr'><strong>&#39;auctoris</strong></span> <span class='ocrx_word' id='word_1_129' title='bbox 1696 1781 1813 1874; x_wconf 88' lang='lat' dir='ltr'><strong>prolati</strong></span> <span class='ocrx_word' id='word_1_130' title='bbox 1834 1795 1870 1850; x_wconf 89' lang='lat' dir='ltr'><strong>ut</strong></span> <span class='ocrx_word' id='word_1_131' title='bbox 1891 1801 1950 1850; x_wconf 87' lang='lat' dir='ltr'><strong>an·</strong></span> 
     </span>
     <span class='ocr_line' id='line_1_13' title="bbox 199 1899 758 1998; baseline -0.013 -25"><span class='ocrx_word' id='word_1_132' title='bbox 199 1901 357 1998; x_wconf 87' lang='lat' dir='ltr'><strong>tispastici</strong></span> <span class='ocrx_word' id='word_1_133' title='bbox 379 1901 551 1970; x_wconf 88' lang='lat' dir='ltr'><strong>tetrametri</strong></span> <span class='ocrx_word' id='word_1_134' title='bbox 573 1899 758 1969; x_wconf 87' lang='lat' dir='ltr'><strong>catalectici:</strong></span> 
     </span>
    </p>

    <p class='ocr_par' dir='ltr' id='par_1_4' title="bbox 516 2001 1553 2105">
     <span class='ocr_line' id='line_1_14' title="bbox 516 2001 1553 2105; baseline -0.008 -23"><span class='ocrx_word' id='word_1_135' title='bbox 516 2007 751 2095; x_wconf 65' lang='lat' dir='ltr'><strong>Karesene,</strong></span> <span class='ocrx_word' id='word_1_136' title='bbox 777 2005 944 2105; x_wconf 73' lang='lat' dir='ltr'><strong>Kuddpn&#39;,</strong></span> <span class='ocrx_word' id='word_1_137' title='bbox 967 2004 1083 2104; x_wconf 79' lang='grc' dir='ltr'><strong><em>α’βρός</em></strong></span> <span class='ocrx_word' id='word_1_138' title='bbox 1098 2001 1267 2086; x_wconf 66' lang='lat' dir='ltr'><strong>&#39;Adeone‘</strong></span> <span class='ocrx_word' id='word_1_139' title='bbox 1296 2011 1335 2077; x_wconf 83' lang='grc' dir='ltr'><strong>τί</strong></span> <span class='ocrx_word' id='word_1_140' title='bbox 1351 2032 1391 2076; x_wconf 79' lang='grc' dir='ltr'><strong>νε</strong></span> <span class='ocrx_word' id='word_1_141' title='bbox 1413 2008 1553 2094; x_wconf 72' lang='grc' dir='ltr'><strong>θεῖμενς</strong></span> 
     </span>
    </p>

    <p class='ocr_par' dir='ltr' id='par_1_5' title="bbox 189 2117 2037 2981">
     <span class='ocr_line' id='line_1_15' title="bbox 516 2117 1418 2214; baseline -0.006 -25"><span class='ocrx_word' id='word_1_142' title='bbox 516 2118 761 2200; x_wconf 72' lang='lat' dir='ltr'><strong>xurrdneeads,</strong></span> <span class='ocrx_word' id='word_1_143' title='bbox 783 2117 896 2214; x_wconf 84' lang='grc' dir='ltr'><strong><em>κόραι,</em></strong></span> <span class='ocrx_word' id='word_1_144' title='bbox 918 2121 977 2189; x_wconf 83' lang='lat' dir='ltr'><strong>seul</strong></span> <span class='ocrx_word' id='word_1_145' title='bbox 995 2120 1236 2212; x_wconf 75' lang='lat' dir='ltr'><strong>uarepee&#39;sreada</strong></span> <span class='ocrx_word' id='word_1_146' title='bbox 1258 2117 1418 2206; x_wconf 71' lang='grc' dir='ltr'><strong>χιτῶνας.</strong></span> 
     </span>
     <span class='ocr_line' id='line_1_16' title="bbox 199 2222 2006 2322; baseline -0.009 -16"><span class='ocrx_word' id='word_1_147' title='bbox 199 2233 354 2316; x_wconf 76' lang='lat' dir='ltr'><strong>Moritur,</strong></span> <span class='ocrx_word' id='word_1_148' title='bbox 381 2227 561 2322; x_wconf 77' lang='lat' dir='ltr'><strong>Cytherea,</strong></span> <span class='ocrx_word' id='word_1_149' title='bbox 593 2229 705 2296; x_wconf 90' lang='lat' dir='ltr'><strong>mollis</strong></span> <span class='ocrx_word' id='word_1_150' title='bbox 726 2227 880 2296; x_wconf 82' lang='lat' dir='ltr'><strong>Adonis:</strong></span> <span class='ocrx_word' id='word_1_151' title='bbox 901 2227 985 2320; x_wconf 81' lang='lat' dir='ltr'><strong>quid</strong></span> <span class='ocrx_word' id='word_1_152' title='bbox 1005 2231 1179 2318; x_wconf 82' lang='lat' dir='ltr'><strong>agamus?</strong></span> <span class='ocrx_word' id='word_1_153' title='bbox 1212 2225 1376 2317; x_wconf 75' lang='lat' dir='ltr'><strong>plangite,</strong></span> <span class='ocrx_word' id='word_1_154' title='bbox 1403 2222 1553 2315; x_wconf 81' lang='lat' dir='ltr'><strong>virgirees,</strong></span> <span class='ocrx_word' id='word_1_155' title='bbox 1583 2233 1619 2292; x_wconf 92' lang='lat' dir='ltr'><strong>et</strong></span> <span class='ocrx_word' id='word_1_156' title='bbox 1640 2223 1785 2291; x_wconf 80' lang='lat' dir='ltr'><strong>scindite</strong></span> <span class='ocrx_word' id='word_1_157' title='bbox 1806 2222 1953 2291; x_wconf 86' lang='lat' dir='ltr'><strong>tunicas.</strong></span> <span class='ocrx_word' id='word_1_158' title='bbox 2001 2311 2006 2319; x_wconf 27' lang='grc' dir='ltr'>ι</span> 
     </span>
     <span class='ocr_line' id='line_1_17' title="bbox 189 2332 1953 2433; baseline -0.006 -21"><span class='ocrx_word' id='word_1_159' title='bbox 189 2342 296 2412; x_wconf 66' lang='lat' dir='ltr'><strong>‘Libri</strong></span> <span class='ocrx_word' id='word_1_160' title='bbox 324 2336 565 2412; x_wconf 74' lang='grc' dir='ltr'><em>καταθνάσκει</em></span> <span class='ocrx_word' id='word_1_161' title='bbox 593 2332 769 2432; x_wconf 78' lang='grc' dir='ltr'><strong>Κυθέρεί,</strong></span> <span class='ocrx_word' id='word_1_162' title='bbox 801 2352 834 2404; x_wconf 89' lang='lat' dir='ltr'><strong>at</strong></span> <span class='ocrx_word' id='word_1_163' title='bbox 860 2335 931 2404; x_wconf 90' lang='lat' dir='ltr'><strong>cod.</strong></span> <span class='ocrx_word' id='word_1_164' title='bbox 949 2335 987 2404; x_wconf 92' lang='lat' dir='ltr'><strong>C.</strong></span> <span class='ocrx_word' id='word_1_165' title='bbox 1003 2332 1178 2433; x_wconf 69' lang='lat' dir='ltr'><strong>dee&#39;pq’:</strong></span> <span class='ocrx_word' id='word_1_166' title='bbox 1217 2333 1352 2431; x_wconf 78' lang='lat' dir='ltr'><strong>correxit</strong></span> <span class='ocrx_word' id='word_1_167' title='bbox 1373 2333 1540 2402; x_wconf 89' lang='lat' dir='ltr'><strong>Bentleins</strong></span> <span class='ocrx_word' id='word_1_168' title='bbox 1567 2333 1605 2402; x_wconf 86' lang='lat' dir='ltr'><strong>iu</strong></span> <span class='ocrx_word' id='word_1_169' title='bbox 1627 2332 1813 2426; x_wconf 89' lang='lat' dir='ltr'><strong>Conspectu</strong></span> <span class='ocrx_word' id='word_1_170' title='bbox 1834 2351 1953 2403; x_wconf 87' lang='lat' dir='ltr'><strong>metro·</strong></span> 
     </span>
     <span class='ocr_line' id='line_1_18' title="bbox 201 2441 1954 2542; baseline -0.001 -24"><span class='ocrx_word' id='word_1_171' title='bbox 201 2449 544 2524; x_wconf 87' lang='lat' dir='ltr'><strong>rumHoratianorum.</strong></span> <span class='ocrx_word' id='word_1_172' title='bbox 587 2446 671 2515; x_wconf 82' lang='lat' dir='ltr'><strong>Mox</strong></span> <span class='ocrx_word' id='word_1_173' title='bbox 685 2445 759 2514; x_wconf 91' lang='lat' dir='ltr'><strong>libri</strong></span> <span class='ocrx_word' id='word_1_174' title='bbox 775 2442 1017 2541; x_wconf 73' lang='lat' dir='ltr'><strong>aarepdxeude,</strong></span> <span class='ocrx_word' id='word_1_175' title='bbox 1041 2443 1167 2514; x_wconf 82' lang='lat' dir='ltr'><strong>eot.c.</strong></span> <span class='ocrx_word' id='word_1_176' title='bbox 1183 2448 1471 2540; x_wconf 74' lang='lat' dir='ltr'><strong>xurepuoaeodues</strong></span> <span class='ocrx_word' id='word_1_177' title='bbox 1492 2441 1658 2512; x_wconf 89' lang='lat' dir='ltr'><strong>Bentleins</strong></span> <span class='ocrx_word' id='word_1_178' title='bbox 1673 2442 1954 2542; x_wconf 77' lang='grc' dir='ltr'><em>καταρήγννσθε.</em></span> 
     </span>
     <span class='ocr_line' id='line_1_19' title="bbox 201 2550 1954 2650; baseline -0.005 -19"><span class='ocrx_word' id='word_1_179' title='bbox 201 2561 285 2631; x_wconf 90' lang='lat' dir='ltr'><strong>Illud</strong></span> <span class='ocrx_word' id='word_1_180' title='bbox 308 2559 440 2627; x_wconf 88' lang='lat' dir='ltr'><strong>debetur</strong></span> <span class='ocrx_word' id='word_1_181' title='bbox 453 2555 599 2641; x_wconf 80' lang='lat' dir='ltr'><strong>Pauuio,</strong></span> <span class='ocrx_word' id='word_1_182' title='bbox 623 2572 733 2649; x_wconf 86' lang='lat' dir='ltr'><strong>estque</strong></span> <span class='ocrx_word' id='word_1_183' title='bbox 755 2555 925 2650; x_wconf 90' lang='lat' dir='ltr'><strong>probatum</strong></span> <span class='ocrx_word' id='word_1_184' title='bbox 947 2578 967 2622; x_wconf 93' lang='lat' dir='ltr'><strong>a</strong></span> <span class='ocrx_word' id='word_1_185' title='bbox 981 2552 1212 2646; x_wconf 87' lang='lat' dir='ltr'><strong>Wesselingio</strong></span> <span class='ocrx_word' id='word_1_186' title='bbox 1234 2553 1277 2622; x_wconf 92' lang='lat' dir='ltr'><strong>ad</strong></span> <span class='ocrx_word' id='word_1_187' title='bbox 1291 2553 1415 2622; x_wconf 87' lang='lat' dir='ltr'><strong>Herod.</strong></span> <span class='ocrx_word' id='word_1_188' title='bbox 1432 2553 1474 2638; x_wconf 94' lang='lat' dir='ltr'><strong>II,</strong></span> <span class='ocrx_word' id='word_1_189' title='bbox 1490 2565 1543 2632; x_wconf 65' lang='grc'><strong>41.</strong></span> <span class='ocrx_word' id='word_1_190' title='bbox 1559 2569 1591 2622; x_wconf 92' lang='lat' dir='ltr'><strong>et</strong></span> <span class='ocrx_word' id='word_1_191' title='bbox 1604 2550 1822 2622; x_wconf 80' lang='lat' dir='ltr'><strong>Valckenario</strong></span> <span class='ocrx_word' id='word_1_192' title='bbox 1836 2554 1879 2624; x_wconf 90' lang='lat' dir='ltr'><strong>ad</strong></span> <span class='ocrx_word' id='word_1_193' title='bbox 1892 2554 1954 2640; x_wconf 90' lang='lat' dir='ltr'><strong>III,</strong></span> 
     </span>
     <span class='ocr_line' id='line_1_20' title="bbox 203 2661 2037 2759; baseline -0.003 -21"><span class='ocrx_word' id='word_1_194' title='bbox 203 2670 260 2738; x_wconf 81' lang='lat'><strong>66.</strong></span> <span class='ocrx_word' id='word_1_195' title='bbox 281 2667 370 2738; x_wconf 83' lang='lat' dir='ltr'><strong>Vide</strong></span> <span class='ocrx_word' id='word_1_196' title='bbox 393 2666 490 2734; x_wconf 86' lang='lat' dir='ltr'><strong>etiam</strong></span> <span class='ocrx_word' id='word_1_197' title='bbox 511 2665 697 2734; x_wconf 88' lang='lat' dir='ltr'><strong>Blomfieldi</strong></span> <span class='ocrx_word' id='word_1_198' title='bbox 721 2665 833 2734; x_wconf 92' lang='lat' dir='ltr'><strong>Gloss.</strong></span> <span class='ocrx_word' id='word_1_199' title='bbox 848 2663 996 2759; x_wconf 88' lang='lat' dir='ltr'><strong>Aeschyl.</strong></span> <span class='ocrx_word' id='word_1_200' title='bbox 1012 2663 1107 2733; x_wconf 91' lang='lat' dir='ltr'><strong>Pers.</strong></span> <span class='ocrx_word' id='word_1_201' title='bbox 1123 2671 1199 2742; x_wconf 87' lang='grc'><strong>544.</strong></span> <span class='ocrx_word' id='word_1_202' title='bbox 1234 2661 1364 2748; x_wconf 89' lang='lat' dir='ltr'><strong>Linum,</strong></span> <span class='ocrx_word' id='word_1_203' title='bbox 1387 2687 1487 2757; x_wconf 88' lang='lat' dir='ltr'><strong>aeque</strong></span> <span class='ocrx_word' id='word_1_204' title='bbox 1510 2663 1596 2758; x_wconf 89' lang='lat' dir='ltr'><strong>apud</strong></span> <span class='ocrx_word' id='word_1_205' title='bbox 1620 2662 1763 2734; x_wconf 87' lang='lat' dir='ltr'><strong>Graecos</strong></span> <span class='ocrx_word' id='word_1_206' title='bbox 1787 2679 1882 2758; x_wconf 86' lang='lat' dir='ltr'><strong>atque</strong></span> <span class='ocrx_word' id='word_1_207' title='bbox 1904 2664 1956 2733; x_wconf 90' lang='lat' dir='ltr'><strong>in·</strong></span> <span class='ocrx_word' id='word_1_208' title='bbox 2034 2705 2037 2709; x_wconf 96' lang='lat'>·</span> 
     </span>
     <span class='ocr_line' id='line_1_21' title="bbox 204 2767 1958 2874; baseline -0.003 -25"><span class='ocrx_word' id='word_1_209' title='bbox 204 2795 253 2849; x_wconf 86' lang='lat' dir='ltr'><strong>ter</strong></span> <span class='ocrx_word' id='word_1_210' title='bbox 265 2776 446 2846; x_wconf 81' lang='lat' dir='ltr'><strong>Phoenices</strong></span> <span class='ocrx_word' id='word_1_211' title='bbox 469 2791 501 2844; x_wconf 87' lang='lat' dir='ltr'><strong>et</strong></span> <span class='ocrx_word' id='word_1_212' title='bbox 516 2775 653 2872; x_wconf 85' lang='lat' dir='ltr'><strong>Cyprios</strong></span> <span class='ocrx_word' id='word_1_213' title='bbox 677 2775 878 2874; x_wconf 89' lang='lat' dir='ltr'><strong>celebratum,</strong></span> <span class='ocrx_word' id='word_1_214' title='bbox 901 2773 1077 2870; x_wconf 82' lang='lat' dir='ltr'><strong>Aegyptios</strong></span> <span class='ocrx_word' id='word_1_215' title='bbox 1100 2773 1228 2842; x_wconf 88' lang='lat' dir='ltr'><strong>nomine</strong></span> <span class='ocrx_word' id='word_1_216' title='bbox 1250 2773 1315 2843; x_wconf 93' lang='lat' dir='ltr'><strong>alio</strong></span> <span class='ocrx_word' id='word_1_217' title='bbox 1338 2767 1500 2863; x_wconf 80' lang='lat' dir='ltr'><strong>cecinisse,</strong></span> <span class='ocrx_word' id='word_1_218' title='bbox 1523 2773 1621 2843; x_wconf 85' lang='lat' dir='ltr'><strong>tradit</strong></span> <span class='ocrx_word' id='word_1_219' title='bbox 1642 2773 1830 2844; x_wconf 90' lang='lat' dir='ltr'><strong>Herodotus</strong></span> <span class='ocrx_word' id='word_1_220' title='bbox 1843 2774 1887 2862; x_wconf 92' lang='grc' dir='ltr'><strong>Π,</strong></span> <span class='ocrx_word' id='word_1_221' title='bbox 1901 2790 1958 2862; x_wconf 74' lang='lat'><strong>79,</strong></span> 
     </span>
     <span class='ocr_line' id='line_1_22' title="bbox 206 2883 1033 2981; baseline -0.005 -24"><span class='ocrx_word' id='word_1_222' title='bbox 206 2888 260 2957; x_wconf 91' lang='lat' dir='ltr'><strong>ubi</strong></span> <span class='ocrx_word' id='word_1_223' title='bbox 283 2885 392 2958; x_wconf 83' lang='lat' dir='ltr'><strong>confer</strong></span> <span class='ocrx_word' id='word_1_224' title='bbox 414 2911 496 2981; x_wconf 78' lang='lat' dir='ltr'><strong>quam</strong></span> <span class='ocrx_word' id='word_1_225' title='bbox 519 2885 683 2956; x_wconf 81' lang='lat' dir='ltr'><strong>annotarit</strong></span> <span class='ocrx_word' id='word_1_226' title='bbox 704 2883 1033 2978; x_wconf 83' lang='lat' dir='ltr'><strong>Schweighaeusems.</strong></span> 
     </span>
    </p>
   </div>
   <div class='ocr_carea' id='block_1_4' title="bbox 117 3211 1967 4855">
    <p class='ocr_par' dir='ltr' id='par_1_6' title="bbox 117 3211 1967 4855">
     <span class='ocr_line' id='line_1_23' title="bbox 341 3211 1961 3309; baseline 0.002 -23"><span class='ocrx_word' id='word_1_227' title='bbox 341 3214 473 3286; x_wconf 84' lang='lat' dir='ltr'><strong>Servius</strong></span> <span class='ocrx_word' id='word_1_228' title='bbox 494 3213 529 3283; x_wconf 88' lang='lat' dir='ltr'><strong>in</strong></span> <span class='ocrx_word' id='word_1_229' title='bbox 550 3212 669 3306; x_wconf 80' lang='lat' dir='ltr'><strong>Virgil.</strong></span> <span class='ocrx_word' id='word_1_230' title='bbox 683 3213 765 3282; x_wconf 88' lang='lat' dir='ltr'><strong>Aen.</strong></span> <span class='ocrx_word' id='word_1_231' title='bbox 779 3211 841 3299; x_wconf 71' lang='lat' dir='ltr'><strong>vt,</strong></span> <span class='ocrx_word' id='word_1_232' title='bbox 858 3225 911 3281; x_wconf 76' lang='lat'><strong>21.</strong></span> <span class='ocrx_word' id='word_1_233' title='bbox 940 3213 1095 3302; x_wconf 86' lang='lat' dir='ltr'><strong>Septena</strong></span> <span class='ocrx_word' id='word_1_234' title='bbox 1109 3213 1315 3306; x_wconf 80' lang='lat' dir='ltr'><strong>quotannis:</strong></span> <span class='ocrx_word' id='word_1_235' title='bbox 1336 3211 1475 3306; x_wconf 79' lang='lat' dir='ltr'><strong>quidam</strong></span> <span class='ocrx_word' id='word_1_236' title='bbox 1490 3224 1622 3304; x_wconf 79' lang='lat' dir='ltr'><strong>septem</strong></span> <span class='ocrx_word' id='word_1_237' title='bbox 1632 3238 1759 3305; x_wconf 88' lang='lat' dir='ltr'><strong>pueros</strong></span> <span class='ocrx_word' id='word_1_238' title='bbox 1782 3227 1817 3286; x_wconf 88' lang='lat' dir='ltr'><strong>et</strong></span> <span class='ocrx_word' id='word_1_239' title='bbox 1830 3229 1961 3309; x_wconf 85' lang='lat' dir='ltr'><strong>septem</strong></span> 
     </span>
     <span class='ocr_line' id='line_1_24' title="bbox 202 3307 1959 3420; baseline 0.002 -25"><span class='ocrx_word' id='word_1_240' title='bbox 202 3326 342 3420; x_wconf 87' lang='lat' dir='ltr'><strong>puellas</strong></span> <span class='ocrx_word' id='word_1_241' title='bbox 366 3323 483 3413; x_wconf 67' lang='lat' dir='ltr'><strong>accim</strong></span> <span class='ocrx_word' id='word_1_242' title='bbox 503 3323 630 3408; x_wconf 82' lang='lat' dir='ltr'><strong>uolunt,</strong></span> <span class='ocrx_word' id='word_1_243' title='bbox 657 3323 752 3416; x_wconf 80' lang='lat' dir='ltr'><strong>quod</strong></span> <span class='ocrx_word' id='word_1_244' title='bbox 772 3333 808 3392; x_wconf 89' lang='lat' dir='ltr'><strong>et</strong></span> <span class='ocrx_word' id='word_1_245' title='bbox 828 3325 934 3392; x_wconf 86' lang='lat' dir='ltr'><strong>Plato</strong></span> <span class='ocrx_word' id='word_1_246' title='bbox 958 3307 1042 3390; x_wconf 80' lang='lat' dir='ltr'><strong>dicit</strong></span> <span class='ocrx_word' id='word_1_247' title='bbox 1060 3321 1097 3389; x_wconf 90' lang='lat' dir='ltr'><strong>in</strong></span> <span class='ocrx_word' id='word_1_248' title='bbox 1118 3322 1315 3407; x_wconf 80' lang='lat' dir='ltr'><strong>Phaedone,</strong></span> <span class='ocrx_word' id='word_1_249' title='bbox 1355 3333 1391 3391; x_wconf 89' lang='lat' dir='ltr'><strong>et</strong></span> <span class='ocrx_word' id='word_1_250' title='bbox 1409 3322 1552 3413; x_wconf 88' lang='lat' dir='ltr'><strong>Sappho</strong></span> <span class='ocrx_word' id='word_1_251' title='bbox 1575 3325 1612 3392; x_wconf 91' lang='lat' dir='ltr'><strong>in</strong></span> <span class='ocrx_word' id='word_1_252' title='bbox 1632 3325 1779 3419; x_wconf 86' lang='lat' dir='ltr'><strong>Lyricis,</strong></span> <span class='ocrx_word' id='word_1_253' title='bbox 1811 3339 1847 3396; x_wconf 89' lang='lat' dir='ltr'><strong>et</strong></span> <span class='ocrx_word' id='word_1_254' title='bbox 1864 3330 1959 3398; x_wconf 91' lang='lat' dir='ltr'><strong>Bac·</strong></span> 
     </span>
     <span class='ocr_line' id='line_1_25' title="bbox 208 3432 1962 3532; baseline 0.001 -25"><span class='ocrx_word' id='word_1_255' title='bbox 208 3435 358 3532; x_wconf 80' lang='lat' dir='ltr'><strong>chyh‘des</strong></span> <span class='ocrx_word' id='word_1_256' title='bbox 381 3435 417 3502; x_wconf 88' lang='lat' dir='ltr'><strong>in</strong></span> <span class='ocrx_word' id='word_1_257' title='bbox 438 3433 675 3527; x_wconf 79' lang='lat' dir='ltr'><strong>dithyrambis,</strong></span> <span class='ocrx_word' id='word_1_258' title='bbox 698 3443 734 3501; x_wconf 85' lang='lat' dir='ltr'><strong>et</strong></span> <span class='ocrx_word' id='word_1_259' title='bbox 751 3432 934 3523; x_wconf 83' lang='lat' dir='ltr'><strong>Euripides</strong></span> <span class='ocrx_word' id='word_1_260' title='bbox 957 3433 993 3500; x_wconf 89' lang='lat' dir='ltr'><strong>in</strong></span> <span class='ocrx_word' id='word_1_261' title='bbox 1014 3432 1181 3500; x_wconf 81' lang='lat' dir='ltr'><strong>Hercule.-</strong></span> <span class='ocrx_word' id='word_1_262' title='bbox 1208 3456 1295 3525; x_wconf 82' lang='lat' dir='ltr'><strong>quos</strong></span> <span class='ocrx_word' id='word_1_263' title='bbox 1319 3432 1474 3501; x_wconf 83' lang='lat' dir='ltr'><strong>liberauit</strong></span> <span class='ocrx_word' id='word_1_264' title='bbox 1492 3457 1609 3531; x_wconf 85' lang='lat' dir='ltr'><strong>secum</strong></span> <span class='ocrx_word' id='word_1_265' title='bbox 1636 3435 1796 3523; x_wconf 86' lang='lat' dir='ltr'><strong>Theseus,</strong></span> <span class='ocrx_word' id='word_1_266' title='bbox 1819 3463 1962 3531; x_wconf 79' lang='lat' dir='ltr'><strong>quorum</strong></span> 
     </span>
     <span class='ocr_line' id='line_1_26' title="bbox 206 3529 1962 3636; baseline -0.005 -20"><span class='ocrx_word' id='word_1_267' title='bbox 206 3547 295 3616; x_wconf 90' lang='lat' dir='ltr'><strong>haec</strong></span> <span class='ocrx_word' id='word_1_268' title='bbox 316 3545 456 3614; x_wconf 86' lang='lat' dir='ltr'><strong>nomina</strong></span> <span class='ocrx_word' id='word_1_269' title='bbox 465 3543 649 3636; x_wconf 80' lang='lat' dir='ltr'><strong>seruntuer:</strong></span> <span class='ocrx_word' id='word_1_270' title='bbox 677 3542 945 3635; x_wconf 71' lang='lat' dir='ltr'><strong>Hippophorhas</strong></span> <span class='ocrx_word' id='word_1_271' title='bbox 969 3553 1004 3612; x_wconf 87' lang='lat' dir='ltr'><strong>et</strong></span> <span class='ocrx_word' id='word_1_272' title='bbox 1028 3542 1091 3611; x_wconf 87' lang='lat' dir='ltr'><strong>Iihi</strong></span> <span class='ocrx_word' id='word_1_273' title='bbox 1108 3542 1147 3610; x_wconf 89' lang='lat' dir='ltr'><strong>id</strong></span> <span class='ocrx_word' id='word_1_274' title='bbox 1166 3529 1222 3610; x_wconf 79' lang='lat' dir='ltr'><strong>est</strong></span> <span class='ocrx_word' id='word_1_275' title='bbox 1238 3543 1401 3626; x_wconf 87' lang='lat' dir='ltr'><strong>Arcadis,</strong></span> <span class='ocrx_word' id='word_1_276' title='bbox 1423 3542 1652 3612; x_wconf 85' lang='lat' dir='ltr'><strong>Antimachus</strong></span> <span class='ocrx_word' id='word_1_277' title='bbox 1673 3543 1840 3632; x_wconf 84' lang='lat' dir='ltr'><strong>Euandri,</strong></span> <span class='ocrx_word' id='word_1_278' title='bbox 1863 3552 1962 3621; x_wconf 75' lang='lat' dir='ltr'><strong>Mne.</strong></span> 
     </span>
     <span class='ocr_line' id='line_1_27' title="bbox 209 3652 1961 3748; baseline 0.004 -25"><span class='ocrx_word' id='word_1_279' title='bbox 209 3655 324 3723; x_wconf 88' lang='lat' dir='ltr'><strong>stheus</strong></span> <span class='ocrx_word' id='word_1_280' title='bbox 345 3654 512 3736; x_wconf 86' lang='lat' dir='ltr'><strong>Sumiani,</strong></span> <span class='ocrx_word' id='word_1_281' title='bbox 547 3652 720 3722; x_wconf 89' lang='lat' dir='ltr'><strong>Phidocus</strong></span> <span class='ocrx_word' id='word_1_282' title='bbox 742 3653 955 3742; x_wconf 70' lang='lat' dir='ltr'><strong>Ramnutis,</strong></span> <span class='ocrx_word' id='word_1_283' title='bbox 976 3653 1164 3722; x_wconf 85' lang='lat' dir='ltr'><strong>Demoh&#39;on</strong></span> <span class='ocrx_word' id='word_1_284' title='bbox 1189 3652 1331 3748; x_wconf 87' lang='lat' dir='ltr'><strong>Cydam&#39;,</strong></span> <span class='ocrx_word' id='word_1_285' title='bbox 1368 3653 1552 3722; x_wconf 87' lang='lat' dir='ltr'><strong>Puriesion</strong></span> <span class='ocrx_word' id='word_1_286' title='bbox 1577 3653 1687 3723; x_wconf 76' lang='lat' dir='ltr'><strong>Celei:</strong></span> <span class='ocrx_word' id='word_1_287' title='bbox 1720 3658 1863 3746; x_wconf 89' lang='lat' dir='ltr'><strong>puellae</strong></span> <span class='ocrx_word' id='word_1_288' title='bbox 1883 3659 1961 3747; x_wconf 90' lang='lat' dir='ltr'><strong>hae,</strong></span> 
     </span>
     <span class='ocr_line' id='line_1_28' title="bbox 208 3761 1963 3861; baseline 0.003 -27"><span class='ocrx_word' id='word_1_289' title='bbox 208 3764 381 3836; x_wconf 84' lang='lat' dir='ltr'><strong>Periboea</strong></span> <span class='ocrx_word' id='word_1_290' title='bbox 394 3762 557 3848; x_wconf 86' lang='lat' dir='ltr'><strong>Alcatim&#39;,</strong></span> <span class='ocrx_word' id='word_1_291' title='bbox 580 3763 743 3853; x_wconf 87' lang='lat' dir='ltr'><strong>Medippe</strong></span> <span class='ocrx_word' id='word_1_292' title='bbox 755 3763 862 3858; x_wconf 86' lang='lat' dir='ltr'><strong>Pyrii,</strong></span> <span class='ocrx_word' id='word_1_293' title='bbox 884 3763 1020 3832; x_wconf 81' lang='lat' dir='ltr'><strong>lesione</strong></span> <span class='ocrx_word' id='word_1_294' title='bbox 1037 3762 1140 3847; x_wconf 85' lang='lat' dir='ltr'><strong>Celei,</strong></span> <span class='ocrx_word' id='word_1_295' title='bbox 1162 3761 1406 3830; x_wconf 85' lang='lat' dir='ltr'><strong>Andromache</strong></span> <span class='ocrx_word' id='word_1_296' title='bbox 1424 3761 1698 3858; x_wconf 85' lang='lat' dir='ltr'><strong>Eurymedontis,</strong></span> <span class='ocrx_word' id='word_1_297' title='bbox 1720 3764 1963 3861; x_wconf 85' lang='lat' dir='ltr'><strong>Eurymedusa</strong></span> 
     </span>
     <span class='ocr_line' id='line_1_29' title="bbox 209 3866 1961 3970; baseline 0.006 -30"><span class='ocrx_word' id='word_1_298' title='bbox 209 3872 391 3955; x_wconf 73' lang='lat' dir='ltr'><strong>Polyxeni,</strong></span> <span class='ocrx_word' id='word_1_299' title='bbox 421 3870 565 3962; x_wconf 84' lang='lat' dir='ltr'><strong>Europe</strong></span> <span class='ocrx_word' id='word_1_300' title='bbox 594 3872 769 3956; x_wconf 89' lang='lat' dir='ltr'><strong>Laodicis,</strong></span> <span class='ocrx_word' id='word_1_301' title='bbox 798 3873 917 3942; x_wconf 82' lang='lat' dir='ltr'><strong>hh&#39;litu</strong></span> <span class='ocrx_word' id='word_1_302' title='bbox 951 3872 1123 3942; x_wconf 88' lang='lat' dir='ltr'><strong>Trinconi.</strong></span> <span class='ocrx_word' id='word_1_303' title='bbox 1167 3870 1317 3940; x_wconf 91' lang='lat' dir='ltr'><strong>Platonis</strong></span> <span class='ocrx_word' id='word_1_304' title='bbox 1344 3873 1432 3941; x_wconf 91' lang='lat' dir='ltr'><strong>locus</strong></span> <span class='ocrx_word' id='word_1_305' title='bbox 1455 3889 1504 3942; x_wconf 89' lang='lat' dir='ltr'><strong>est</strong></span> <span class='ocrx_word' id='word_1_306' title='bbox 1534 3899 1567 3968; x_wconf 91' lang='lat' dir='ltr'><strong>p.</strong></span> <span class='ocrx_word' id='word_1_307' title='bbox 1584 3881 1637 3942; x_wconf 82' lang='grc'><strong>58.</strong></span> <span class='ocrx_word' id='word_1_308' title='bbox 1653 3899 1699 3960; x_wconf 81' lang='lat' dir='ltr'><strong>a,</strong></span> <span class='ocrx_word' id='word_1_309' title='bbox 1721 3866 1889 3970; x_wconf 88' lang='lat' dir='ltr'><strong>Euripidis</strong></span> <span class='ocrx_word' id='word_1_310' title='bbox 1913 3905 1961 3950; x_wconf 84' lang='lat' dir='ltr'><strong>vs.</strong></span> 
     </span>
     <span class='ocr_line' id='line_1_30' title="bbox 215 3980 1961 4086; baseline 0.006 -37"><span class='ocrx_word' id='word_1_311' title='bbox 215 3995 311 4064; x_wconf 71' lang='lat'><strong>1297.</strong></span> <span class='ocrx_word' id='word_1_312' title='bbox 354 3980 407 4086; x_wconf 76' lang='lat' dir='ltr'><strong>Er</strong></span> <span class='ocrx_word' id='word_1_313' title='bbox 430 3981 681 4052; x_wconf 88' lang='lat' dir='ltr'><strong>adolescentibus</strong></span> <span class='ocrx_word' id='word_1_314' title='bbox 704 3980 959 4077; x_wconf 89' lang='lat' dir='ltr'><strong>Hippophorbas</strong></span> <span class='ocrx_word' id='word_1_315' title='bbox 975 3982 1117 4051; x_wconf 75' lang='lat' dir='ltr'><strong>teresse</strong></span> <span class='ocrx_word' id='word_1_316' title='bbox 1140 3998 1189 4050; x_wconf 91' lang='lat' dir='ltr'><strong>est</strong></span> <span class='ocrx_word' id='word_1_317' title='bbox 1211 4009 1228 4051; x_wconf 90' lang='lat' dir='ltr'><strong>e</strong></span> <span class='ocrx_word' id='word_1_318' title='bbox 1250 3982 1388 4075; x_wconf 89' lang='lat' dir='ltr'><strong>posteris</strong></span> <span class='ocrx_word' id='word_1_319' title='bbox 1410 3981 1500 4051; x_wconf 89' lang='lat' dir='ltr'><strong>Elati</strong></span> <span class='ocrx_word' id='word_1_320' title='bbox 1523 3983 1669 4068; x_wconf 92' lang='lat' dir='ltr'><strong>Arcadis,</strong></span> <span class='ocrx_word' id='word_1_321' title='bbox 1707 4011 1801 4080; x_wconf 84' lang='lat' dir='ltr'><strong>quem</strong></span> <span class='ocrx_word' id='word_1_322' title='bbox 1824 4012 1961 4060; x_wconf 90' lang='lat' dir='ltr'><strong>comme·</strong></span> 
     </span>
     <span class='ocr_line' id='line_1_31' title="bbox 212 4087 1963 4188; baseline 0.006 -28"><span class='ocrx_word' id='word_1_323' title='bbox 212 4105 318 4160; x_wconf 84' lang='lat' dir='ltr'><strong>morat</strong></span> <span class='ocrx_word' id='word_1_324' title='bbox 338 4087 554 4183; x_wconf 86' lang='lat' dir='ltr'><strong>Apollodorus</strong></span> <span class='ocrx_word' id='word_1_325' title='bbox 570 4091 677 4179; x_wconf 87' lang='lat'><strong>111‚9,</strong></span> <span class='ocrx_word' id='word_1_326' title='bbox 695 4109 724 4160; x_wconf 93' lang='grc'><strong>1.</strong></span> <span class='ocrx_word' id='word_1_327' title='bbox 748 4091 777 4160; x_wconf 93' lang='lat' dir='ltr'><strong>si</strong></span> <span class='ocrx_word' id='word_1_328' title='bbox 798 4091 878 4158; x_wconf 84' lang='lat' dir='ltr'><strong>sorte</strong></span> <span class='ocrx_word' id='word_1_329' title='bbox 901 4089 1113 4160; x_wconf 88' lang='lat' dir='ltr'><strong>Athenienses</strong></span> <span class='ocrx_word' id='word_1_330' title='bbox 1141 4090 1233 4160; x_wconf 90' lang='lat' dir='ltr'><strong>huius</strong></span> <span class='ocrx_word' id='word_1_331' title='bbox 1255 4117 1380 4187; x_wconf 88' lang='lat' dir='ltr'><strong>quoque</strong></span> <span class='ocrx_word' id='word_1_332' title='bbox 1407 4092 1592 4188; x_wconf 89' lang='lat' dir='ltr'><strong>progeniem</strong></span> <span class='ocrx_word' id='word_1_333' title='bbox 1614 4119 1686 4163; x_wconf 88' lang='lat' dir='ltr'><strong>cum</strong></span> <span class='ocrx_word' id='word_1_334' title='bbox 1708 4094 1780 4164; x_wconf 89' lang='lat' dir='ltr'><strong>aliis</strong></span> <span class='ocrx_word' id='word_1_335' title='bbox 1802 4099 1963 4171; x_wconf 78' lang='lat' dir='ltr'><strong>variamur</strong></span> 
     </span>
     <span class='ocr_line' id='line_1_32' title="bbox 213 4198 1963 4296; baseline 0.007 -28"><span class='ocrx_word' id='word_1_336' title='bbox 213 4199 357 4296; x_wconf 81' lang='lat' dir='ltr'><strong>gentium</strong></span> <span class='ocrx_word' id='word_1_337' title='bbox 378 4198 537 4268; x_wconf 88' lang='lat' dir='ltr'><strong>nobilibus</strong></span> <span class='ocrx_word' id='word_1_338' title='bbox 562 4225 652 4270; x_wconf 89' lang='lat' dir='ltr'><strong>suam</strong></span> <span class='ocrx_word' id='word_1_339' title='bbox 674 4202 708 4270; x_wconf 95' lang='lat' dir='ltr'><strong>in</strong></span> <span class='ocrx_word' id='word_1_340' title='bbox 731 4217 850 4272; x_wconf 89' lang='lat' dir='ltr'><strong>terram</strong></span> <span class='ocrx_word' id='word_1_341' title='bbox 872 4201 1097 4293; x_wconf 82' lang='lat' dir='ltr'><strong>commigrasse</strong></span> <span class='ocrx_word' id='word_1_342' title='bbox 1120 4199 1253 4270; x_wconf 81' lang='lat' dir='ltr'><strong>fabulati</strong></span> <span class='ocrx_word' id='word_1_343' title='bbox 1274 4201 1400 4271; x_wconf 86' lang='lat' dir='ltr'><strong>fuerint.</strong></span> <span class='ocrx_word' id='word_1_344' title='bbox 1446 4203 1536 4271; x_wconf 86' lang='lat' dir='ltr'><strong>Elati</strong></span> <span class='ocrx_word' id='word_1_345' title='bbox 1557 4204 1664 4273; x_wconf 91' lang='lat' dir='ltr'><strong>nescio</strong></span> <span class='ocrx_word' id='word_1_346' title='bbox 1687 4205 1774 4274; x_wconf 88' lang='lat' dir='ltr'><strong>cuius</strong></span> <span class='ocrx_word' id='word_1_347' title='bbox 1798 4207 1880 4277; x_wconf 83' lang='lat' dir='ltr'><strong>filius</strong></span> <span class='ocrx_word' id='word_1_348' title='bbox 1895 4209 1963 4280; x_wconf 89' lang='lat' dir='ltr'><strong>Po·</strong></span> 
     </span>
     <span class='ocr_line' id='line_1_33' title="bbox 213 4307 1963 4409; baseline 0.005 -28"><span class='ocrx_word' id='word_1_349' title='bbox 213 4309 382 4406; x_wconf 84' lang='lat' dir='ltr'><strong>lyphemus</strong></span> <span class='ocrx_word' id='word_1_350' title='bbox 405 4308 488 4376; x_wconf 88' lang='lat' dir='ltr'><strong>iuter</strong></span> <span class='ocrx_word' id='word_1_351' title='bbox 508 4308 711 4402; x_wconf 80' lang='lat' dir='ltr'><strong>Argonautas</strong></span> <span class='ocrx_word' id='word_1_352' title='bbox 732 4311 923 4380; x_wconf 90' lang='lat' dir='ltr'><strong>nominatur.</strong></span> <span class='ocrx_word' id='word_1_353' title='bbox 970 4307 1024 4380; x_wconf 88' lang='lat' dir='ltr'><strong>Ne</strong></span> <span class='ocrx_word' id='word_1_354' title='bbox 1047 4311 1131 4380; x_wconf 89' lang='lat' dir='ltr'><strong>enim</strong></span> <span class='ocrx_word' id='word_1_355' title='bbox 1152 4311 1186 4380; x_wconf 92' lang='lat' dir='ltr'><strong>in</strong></span> <span class='ocrx_word' id='word_1_356' title='bbox 1207 4309 1258 4380; x_wconf 90' lang='lat' dir='ltr'><strong>his</strong></span> <span class='ocrx_word' id='word_1_357' title='bbox 1282 4313 1344 4381; x_wconf 84' lang='lat' dir='ltr'><strong>h&#39;hi</strong></span> <span class='ocrx_word' id='word_1_358' title='bbox 1361 4313 1400 4380; x_wconf 88' lang='lat' dir='ltr'><strong>id</strong></span> <span class='ocrx_word' id='word_1_359' title='bbox 1425 4322 1480 4380; x_wconf 86' lang='lat' dir='ltr'><strong>est</strong></span> <span class='ocrx_word' id='word_1_360' title='bbox 1507 4313 1636 4382; x_wconf 88' lang='lat' dir='ltr'><strong>alterius</strong></span> <span class='ocrx_word' id='word_1_361' title='bbox 1667 4314 1757 4409; x_wconf 90' lang='lat' dir='ltr'><strong>pueri</strong></span> <span class='ocrx_word' id='word_1_362' title='bbox 1778 4341 1895 4388; x_wconf 89' lang='lat' dir='ltr'><strong>nomen</strong></span> <span class='ocrx_word' id='word_1_363' title='bbox 1916 4319 1963 4389; x_wconf 88' lang='lat' dir='ltr'><strong>la·</strong></span> 
     </span>
     <span class='ocr_line' id='line_1_34' title="bbox 213 4416 1967 4520; baseline 0.005 -30"><span class='ocrx_word' id='word_1_364' title='bbox 213 4435 280 4490; x_wconf 84' lang='lat' dir='ltr'><strong>tere</strong></span> <span class='ocrx_word' id='word_1_365' title='bbox 304 4418 507 4503; x_wconf 86' lang='lat' dir='ltr'><strong>existimetur,</strong></span> <span class='ocrx_word' id='word_1_366' title='bbox 530 4416 592 4488; x_wconf 92' lang='lat' dir='ltr'><strong>boc</strong></span> <span class='ocrx_word' id='word_1_367' title='bbox 614 4419 731 4507; x_wconf 83' lang='lat' dir='ltr'><strong>obstat,</strong></span> <span class='ocrx_word' id='word_1_368' title='bbox 759 4421 845 4517; x_wconf 91' lang='lat' dir='ltr'><strong>quod</strong></span> <span class='ocrx_word' id='word_1_369' title='bbox 868 4419 1016 4490; x_wconf 82' lang='lat' dir='ltr'><strong>Theseus</strong></span> <span class='ocrx_word' id='word_1_370' title='bbox 1040 4421 1192 4516; x_wconf 89' lang='lat' dir='ltr'><strong>septimus</strong></span> <span class='ocrx_word' id='word_1_371' title='bbox 1215 4423 1284 4516; x_wconf 89' lang='lat' dir='ltr'><strong>ipse</strong></span> <span class='ocrx_word' id='word_1_372' title='bbox 1308 4422 1439 4492; x_wconf 89' lang='lat' dir='ltr'><strong>Cretam</strong></span> <span class='ocrx_word' id='word_1_373' title='bbox 1460 4422 1620 4516; x_wconf 87' lang='lat' dir='ltr'><strong>profectus</strong></span> <span class='ocrx_word' id='word_1_374' title='bbox 1643 4441 1703 4510; x_wconf 86' lang='lat' dir='ltr'><strong>est,</strong></span> <span class='ocrx_word' id='word_1_375' title='bbox 1736 4450 1814 4494; x_wconf 88' lang='lat' dir='ltr'><strong>curn</strong></span> <span class='ocrx_word' id='word_1_376' title='bbox 1835 4441 1967 4520; x_wconf 90' lang='lat' dir='ltr'><strong>septem</strong></span> 
     </span>
     <span class='ocr_line' id='line_1_35' title="bbox 217 4529 1965 4627; baseline 0.007 -30"><span class='ocrx_word' id='word_1_377' title='bbox 217 4529 400 4621; x_wconf 79' lang='lat' dir='ltr'><strong>uirgim&#39;hus</strong></span> <span class='ocrx_word' id='word_1_378' title='bbox 432 4537 468 4596; x_wconf 85' lang='lat' dir='ltr'><strong>et</strong></span> <span class='ocrx_word' id='word_1_379' title='bbox 498 4550 565 4595; x_wconf 75' lang='lat' dir='ltr'><strong>sea</strong></span> <span class='ocrx_word' id='word_1_380' title='bbox 591 4530 723 4618; x_wconf 89' lang='lat' dir='ltr'><strong>pueris,</strong></span> <span class='ocrx_word' id='word_1_381' title='bbox 762 4547 797 4598; x_wconf 90' lang='lat' dir='ltr'><strong>nt</strong></span> <span class='ocrx_word' id='word_1_382' title='bbox 827 4531 937 4600; x_wconf 85' lang='lat' dir='ltr'><strong>scribit</strong></span> <span class='ocrx_word' id='word_1_383' title='bbox 967 4532 1114 4626; x_wconf 84' lang='lat' dir='ltr'><strong>Hyginus</strong></span> <span class='ocrx_word' id='word_1_384' title='bbox 1138 4533 1269 4600; x_wconf 85' lang='lat' dir='ltr'><strong>Astron.</strong></span> <span class='ocrx_word' id='word_1_385' title='bbox 1285 4533 1327 4618; x_wconf 90' lang='lat'><strong>11,</strong></span> <span class='ocrx_word' id='word_1_386' title='bbox 1344 4544 1375 4600; x_wconf 89' lang='lat'><strong>5.</strong></span> <span class='ocrx_word' id='word_1_387' title='bbox 1406 4533 1483 4627; x_wconf 76' lang='lat' dir='ltr'><strong>¹De</strong></span> <span class='ocrx_word' id='word_1_388' title='bbox 1506 4533 1600 4602; x_wconf 88' lang='lat' dir='ltr'><strong>tertio</strong></span> <span class='ocrx_word' id='word_1_389' title='bbox 1623 4535 1733 4604; x_wconf 84' lang='lat' dir='ltr'><strong>confer</strong></span> <span class='ocrx_word' id='word_1_390' title='bbox 1756 4535 1965 4610; x_wconf 87' lang='lat' dir='ltr'><strong>Plutarchum</strong></span> 
     </span>
     <span class='ocr_line' id='line_1_36' title="bbox 117 4635 1964 4752; baseline 0.006 -47"><span class='ocrx_word' id='word_1_391' title='bbox 117 4735 126 4752; x_wconf 96' lang='lat'><strong>.</strong></span> <span class='ocrx_word' id='word_1_392' title='bbox 216 4635 319 4708; x_wconf 85' lang='lat' dir='ltr'><strong>Thes.</strong></span> <span class='ocrx_word' id='word_1_393' title='bbox 337 4653 388 4724; x_wconf 80' lang='grc'><strong>17,</strong></span> <span class='ocrx_word' id='word_1_394' title='bbox 402 4639 489 4733; x_wconf 87' lang='lat' dir='ltr'><strong>apud</strong></span> <span class='ocrx_word' id='word_1_395' title='bbox 513 4661 608 4732; x_wconf 88' lang='lat' dir='ltr'><strong>quem</strong></span> <span class='ocrx_word' id='word_1_396' title='bbox 628 4637 710 4706; x_wconf 87' lang='lat' dir='ltr'><strong>inter</strong></span> <span class='ocrx_word' id='word_1_397' title='bbox 731 4663 848 4733; x_wconf 87' lang='lat' dir='ltr'><strong>pueros</strong></span> <span class='ocrx_word' id='word_1_398' title='bbox 873 4644 1071 4738; x_wconf 66' lang='grc' dir='ltr'><strong>Μενάιθης,</strong></span> <span class='ocrx_word' id='word_1_399' title='bbox 1108 4642 1194 4712; x_wconf 89' lang='lat' dir='ltr'><strong>Sciri</strong></span> <span class='ocrx_word' id='word_1_400' title='bbox 1217 4641 1385 4711; x_wconf 89' lang='lat' dir='ltr'><strong>Salaminii</strong></span> <span class='ocrx_word' id='word_1_401' title='bbox 1408 4669 1445 4713; x_wconf 83' lang='lat' dir='ltr'><strong>ex</strong></span> <span class='ocrx_word' id='word_1_402' title='bbox 1469 4643 1534 4710; x_wconf 84' lang='lat' dir='ltr'><strong>filia</strong></span> <span class='ocrx_word' id='word_1_403' title='bbox 1556 4667 1668 4738; x_wconf 88' lang='lat' dir='ltr'><strong>nepos,</strong></span> <span class='ocrx_word' id='word_1_404' title='bbox 1692 4645 1862 4715; x_wconf 88' lang='lat' dir='ltr'><strong>secundum</strong></span> <span class='ocrx_word' id='word_1_405' title='bbox 1884 4647 1964 4717; x_wconf 90' lang='lat' dir='ltr'><strong>Phi·</strong></span> 
     </span>
     <span class='ocr_line' id='line_1_37' title="bbox 213 4744 1962 4855; baseline 0.007 -39"><span class='ocrx_word' id='word_1_406' title='bbox 213 4744 377 4818; x_wconf 88' lang='lat' dir='ltr'><strong>lochomm</strong></span> <span class='ocrx_word' id='word_1_407' title='bbox 398 4749 497 4820; x_wconf 75' lang='lat' dir='ltr'><strong>fiisse</strong></span> <span class='ocrx_word' id='word_1_408' title='bbox 520 4747 665 4819; x_wconf 87' lang='lat' dir='ltr'><strong>traditur.</strong></span> <span class='ocrx_word' id='word_1_409' title='bbox 714 4745 927 4844; x_wconf 82' lang='lat' dir='ltr'><strong>Reliquorum</strong></span> <span class='ocrx_word' id='word_1_410' title='bbox 947 4752 1079 4822; x_wconf 88' lang='lat' dir='ltr'><strong>nomina</strong></span> <span class='ocrx_word' id='word_1_411' title='bbox 1105 4751 1221 4822; x_wconf 75' lang='lat' dir='ltr'><strong>herine</strong></span> <span class='ocrx_word' id='word_1_412' title='bbox 1242 4751 1404 4846; x_wconf 88' lang='lat' dir='ltr'><strong>Phylacus</strong></span> <span class='ocrx_word' id='word_1_413' title='bbox 1427 4753 1654 4841; x_wconf 82' lang='lat' dir='ltr'><strong>Rhamnunu&#39;s,</strong></span> <span class='ocrx_word' id='word_1_414' title='bbox 1689 4752 1873 4827; x_wconf 79' lang='lat' dir='ltr'><strong>Demoleos</strong></span> <span class='ocrx_word' id='word_1_415' title='bbox 1896 4757 1962 4855; x_wconf 86' lang='lat' dir='ltr'><strong>Cy·</strong></span> 
     </span>
    </p>
   </div>
   <div class='ocr_carea' id='block_1_5' title="bbox 0 0 2178 5290">
    <p class='ocr_par' dir='ltr' id='par_1_7' title="bbox 0 0 2178 5290">
     <span class='ocr_line' id='line_1_38' title="bbox 0 0 2178 5290; baseline 0 0"><span class='ocrx_word' id='word_1_416' title='bbox 0 0 2178 5290; x_wconf 95' lang='lat' dir='ltr'><strong> </strong></span> 
     </span>
    </p>
   </div>
  </div>
 </body>
</html>
