4242 5300
1049 281 1108 376 16

978 397 1194 415 *ιι-

196 529 238 604 fit
249 525 413 619 spondeo,
427 517 573 613 dactylo,
588 513 739 596 bacchio,
752 511 819 581 sed
828 521 865 578 ut
874 509 1029 578 secundo
1042 506 1180 576 boccbii
1187 502 1551 600 longufiotpositione,
1564 526 1633 572 non
1644 501 1841 584 situatume
1860 525 1968 593 spon·

200 639 263 707 deo
291 621 346 703 eil
358 631 485 712 iambo,
507 638 542 696 et
556 624 698 694 bacchio
723 621 829 690 simili
847 619 1030 710 superiori,
1052 629 1087 686 et
1102 617 1266 707 spondeo,
1290 614 1389 682 valde
1409 624 1447 682 ut
1462 613 1509 681 sit
1526 611 1563 680 in
1585 611 1866 705 diuisioncfinitu
1880 635 1970 702 pora

202 743 391 823 orationis5
414 737 541 834 quodsi
556 736 695 803 inventu
703 731 830 826 suerit,
852 731 918 798 erit
938 726 1167 798 laudabilius:
1190 724 1306 793 Istaec
1326 724 1508 814 composui
1522 721 1629 794 metm
1645 722 1815 790 Sacerdos
1837 721 1970 812 optimu

204 879 305 925 nunc.
351 850 493 922 Versum
518 845 594 914 dicit
618 841 868 912 choriambicum
893 865 965 907 cum
991 836 1062 905 basi
1088 834 1263 903 trimeoum
1288 831 1586 928 hypercatalectum,
1615 829 1701 898 cuius
1729 857 1746 900 e
1775 829 1963 926 Sapphonis

207 963 399 1035 carminibus
428 956 551 1028 nullum
580 951 760 1048 exemplum
790 964 952 1045 superest,
986 945 1050 1015 nisi
1076 944 1157 1012 sorte
1186 941 1278 1012 huius
1307 942 1443 1010 auctoris
1474 957 1548 1010 sont
1579 939 1642 1009 duo
1658 939 1819 1009 ‘versiculi
1849 939 1968 1034 fragm.

208 1070 395 1146 CXXVIII.
416 1065 574 1162 appositis
597 1061 719 1131 Talem
738 1085 865 1128 versum
888 1071 1096 1125 annotaverat
1119 1053 1244 1148 aliquis,
1267 1053 1297 1121 si
1320 1051 1457 1147 septima
1471 1049 1597 1145 syllaba
1620 1073 1741 1145 anceps
1757 1063 1854 1136 esset,
1876 1065 1967 1118 octa·

207 1207 248 1252 va
271 1178 462 1249 vocabulum
485 1173 677 1256 absolueret,
702 1171 743 1239 ad
766 1167 897 1236 modum
919 1165 1051 1261 Priapei
1074 1162 1200 1232 recitari
1222 1185 1330 1258 posse,
1353 1162 1474 1257 pariter
1496 1159 1619 1246 ludens,
1643 1176 1738 1252 atque
1762 1157 1818 1228 alii
1841 1183 1969 1228 versum

207 1290 439 1386 Virgiliauum‚
465 1285 532 1354 Cui
553 1301 622 1352 non
647 1283 756 1348 dictus
781 1277 1008 1372 Hylusspuer
1033 1271 1069 1342 et
1088 1272 1239 1341 Lotoru'o
1261 1271 1385 1355 Delos,
1409 1294 1507 1366 posse
1530 1270 1565 1338 iu
1589 1270 1731 1365 speciem
1752 1269 1889 1338 eandem
1911 1269 1968 1338 de·

208 1399 348 1495 torqueri
371 1410 571 1466 monuerunt.
608 1390 705 1460 Unde
730 1387 856 1458 Plotius
881 1385 943 1454 ista
965 1383 1060 1454 fecit:
1086 1381 1174 1478 piget
1197 1381 1282 1449 eninr
1304 1379 1430 1473 singula
1452 1395 1586 1475 peccata
1608 1379 1777 1473 corrigere.
1812 1378 1852 1447 Iu
1874 1401 1971 1446 uersu

210 1528 315 1581 autem
340 1507 479 1588 adiecto,
508 1527 607 1597 quem
630 1499 699 1595 ipse
725 1523 744 1566 e
767 1497 815 1565 sui
838 1495 910 1564 libri
934 1493 1091 1590 principio
1116 1490 1270 1574 cdolavb,
1302 1489 1428 1580 optime
1451 1487 1621 1582 legendum
1644 1504 1707 1574 est,
1738 1488 1969 1578 nonomine,

212 1620 311 1690 talem
333 1617 451 1688 exitum
475 1611 658 1712 postulante
682 1607 753 1701 lege
777 1622 808 1674 et
826 1603 1032 1674 choriambici
1055 1626 1164 1670 versus
1186 1616 1217 1668 et
1237 1598 1379 1693 Priapei,
1402 1615 1434 1668 et
1452 1598 1766 1694 ipso-Grammatico
1791 1597 1970 1693 spondeum

211 1732 246 1802 in
269 1730 331 1797 line
355 1722 602 1824 praescribente.
636 1715 779 1804 Versum
804 1715 949 1799 similem,
974 1713 1031 1782 sed
1055 1735 1118 1778 uno
1140 1711 1223 1805 pedo
1247 1707 1436 1794 breviorem,
1460 1707 1708 1778 choriambicum
1731 1733 1803 1776 cum
1825 1707 1898 1777 basi
1920 1707 1969 1776 di·

212 1855 348 1908 meturm
371 1829 673 1928 hypercatalectum,
702 1824 871 1922 Sapphoui
894 1821 1001 1892 tribuit
1025 1821 1113 1890 Mar.
1134 1818 1262 1888 Victor.
1286 1844 1319 1913 p.
1336 1829 1433 1902 3577.
1472 1806 1570 1888 Huirc
1593 1817 1730 1913 excipiat
1752 1841 1862 1886 versus
1886 1817 1970 1884 eius·

215 1950 289 2018 dem
321 1943 444 2039 generis
478 1940 611 2010 dimeter
642 1933 844 2005 catalecticus
876 1933 909 2002 in
942 1932 1087 2000 ordinem
1119 1927 1357 2023 logaoedicum,
1390 1927 1518 2022 qualem
1550 1926 1678 1997 exhibet
1708 1925 1823 2020 fragm.
1846 1923 1970 2011 XLIX,
2105 2013 2106 2020 ἵ

217 2050 393 2152 Σαπφικός
417 2046 696 2142 ἔννεασύλλαβος
722 2045 823 2114 dictus
853 2043 893 2111 ab
918 2040 1159 2136 Hephaestione
1183 2065 1216 2132 p.
1232 2037 1286 2104 56.
1318 2036 1442 2106 Tricha
1465 2065 1498 2133 p.
1516 2055 1568 2106 31.
1584 2051 1638 2120 19.
1669 2034 1780 2107 Schol.
1795 2034 1893 2104 Pind.
1910 2032 1970 2104 01.
2105 2023 2106 2060 ³

217 2181 249 2249 9.
274 2191 325 2260 ep.
342 2176 392 2230 ιο.
418 2159 477 2230 01.
495 2176 545 2245 ιι,
560 2175 589 2224 ι.
613 2155 725 2225 Isthm.
740 2169 772 2240 7,
788 2163 820 2222 5.
836 2168 887 2228 ru.
908 2148 1019 2220 Schol.
1036 2145 1189 2243 Sophoel.
1205 2147 1313 2241 Antig.
1328 2146 1405 2224 ooo.
1422 2155 1497 2216 303.
1518 2147 1607 2216 Aiac.
1625 2146 1700 2230 596.
1717 2145 1811 2214 1206.
1835 2162 1868 2214 et
1881 2144 1969 2214 Mar

195 2275 342 2346 Victor.
367 2299 399 2368 p.
417 2269 514 2352 2611,
536 2267 591 2336 ubi
614 2265 697 2333 male
721 2259 1035 2354 hendecasyllabon
1059 2257 1146 2353 apud
1167 2255 1354 2325 Putschium
1378 2255 1502 2350 legitur.
1532 2254 1748 2352 Hipponactei
1771 2279 1889 2324 nomeu
1910 2255 1969 2324 ad·

218 2388 296 2454 dont
320 2377 520 2474 Hephaestio
544 2393 576 2444 et
600 2372 733 2442 Tricha.
771 2370 872 2460 Quod
897 2383 1002 2438 autem
1023 2368 1110 2436 idem
1133 2365 1321 2436 vocabulum
1345 2365 1417 2435 huic
1440 2365 1559 2453 versui,
1581 2399 1971 2452 ---ou--u-,

217 2491 354 2592 imponit
374 2485 484 2559 Schol.
501 2481 655 2582 Sophocl.
670 2479 724 2550 El.
741 2489 834 2564 10811,
858 2477 939 2563 huic,
963 2489 1321 2562 u—--u-u-fi,
1342 2477 1376 2545 in
1390 2475 1444 2544 El.
1461 2491 1554 2556 tuat.
1574 2475 1683 2570 Autig.
1699 2486 1774 2558 591.
1790 2480 1865 2560 9511,
1889 2473 1970 2561 huic,
2105 2489 2106 2554 J

218 2629 609 2678 ·····⁰·······⁰···⁰s
639 2591 801 2684 inAffilss·
823 2596 897 2674 851,
929 2586 1015 2673 huic,
1043 2619 1451 2672 ····“··ϋ--υ-·-,
1481 2584 1973 2683 Schol.Eurip.Phoen.187;
2105 2575 2106 2614 ³

219 2711 342 2784 nullum
366 2707 479 2775 horum
501 2720 650 2772 versuum
672 2701 726 2769 isti
747 2700 781 2768 iu
800 2698 892 2795 poesi
912 2696 1098 2795 Sapphonis
1122 2696 1317 2782 invenerant,
1341 2697 1399 2764 sed
1418 2720 1529 2764 omnes
1549 2695 1622 2765 illas
1647 2695 1853 2764 choriambici
1870 2695 1992 2766 nostri

220 2823 343 2892 formas
367 2815 491 2914 peperit
518 2813 600 2881 ratio
625 2810 842 2906 antispastica.
879 2808 966 2877 Inter
989 2807 1220 2886 choriambicos
1246 2831 1317 2892 eos,
1349 2807 1403 2901 qui
1431 2832 1490 2874 nee
1515 2806 1609 2876 basin
1637 2832 1697 2874 nec
1721 2806 1891 2875 auacmsiu
1912 2804 1972 2874 ha·
2105 2803 2106 2870 1

220 2933 308 3015 beat,
330 2928 547 2996 hexametrum
569 2923 603 2991 in
625 2920 770 2990 ordinem
793 2919 1015 3014 logaoedicum
1039 2931 1212 3002 exermtem,
1235 2933 1270 2984 ut
1293 2917 1333 2984 ab
1354 2915 1474 2984 Alcaeo
1499 2932 1531 2984 et
1550 2915 1761 3001 Anacreonte,
1783 2915 1828 2984 ita
1851 2916 1971 3012 aSap·

221 3041 329 3139 phone
348 3050 533 3131 usurpatum
557 3032 601 3100 ait
620 3029 696 3100 Atil.
711 3030 843 3099 Fortun.
861 3057 894 3124 p.
907 3028 1004 3110 2678.
1036 3025 1187 3096 Certioris
1212 3025 1286 3096 fidei
1306 3043 1357 3096 est
1379 3025 1466 3120 paris
1488 3023 1647 3093 clausulae
1669 3041 1859 3111 tetrameter,
1885 3025 1971 3094 cuius

222 3148 402 3244 exemplum
425 3141 624 3240 Hephaestio
649 3139 786 3209 servavit
807 3137 922 3232 fragm.
943 3136 988 3220 L,
1015 3137 1073 3204 uhi
1095 3136 1167 3204 vide
1195 3159 1276 3230 quae
1301 3137 1340 3204 de
1364 3135 1436 3203 loco
1460 3134 1549 3203 britii
1572 3134 1793 3203 Fortunatiani
1818 3163 1852 3231 p.
1873 3149 1972 3218 2703.

224 3261 309 3332 dicta
333 3261 415 3325 suut.
455 3250 665 3348 Sapphonem
689 3273 726 3319 eo
751 3273 844 3316 versu
866 3272 958 3315 usam
986 3246 1153 3314 confirmat
1176 3245 1305 3316 Servius
1332 3244 1469 3315 Centim.
1493 3273 1526 3340 p.
1542 3253 1636 3314 1622.
1676 3241 1817 3314 Nonnisi
1840 3245 1974 3318 catalcxi
2105 3323 2106 3336 p

224 3367 383 3464 disyllaba
407 3365 448 3436 ab
471 3361 527 3429 illo
551 3359 660 3429 dilfert
681 3375 817 3426 metrum
839 3356 955 3450 fragm.
970 3355 1027 3441 Ll,
1051 3355 1079 3425 si
1102 3379 1177 3424 vera
1199 3371 1250 3425 est
1272 3354 1377 3423 lectio.
1406 3354 1506 3423 Ionici
1530 3377 1559 3422 a·
1573 3354 1688 3422 minori
1712 3355 1843 3424 trimetri
1867 3373 1973 3424 acata-

223 3480 298 3551 lecti
327 3471 505 3570 exemplum
533 3469 694 3564 proditum
717 3484 767 3535 est
794 3467 835 3534 ab
859 3466 1099 3562 Hephaestione
1130 3465 1246 3560 fragm.
1270 3463 1351 3550 LlI,
1383 3490 1517 3559 quocum
1542 3465 1742 3534 consentiunt
1769 3466 1808 3534 de
1831 3491 1925 3534 versu
1953 3491 1974 3548 a

229 3587 406 3684 Sapphone
429 3595 582 3676 usurpato
604 3575 727 3646 Tricha
749 3605 782 3672 p.
797 3592 849 3659 37.
865 3587 920 3643 51.
944 3593 975 3644 ct
999 3576 1128 3646 Servius
1145 3576 1281 3646 Contim.
1308 3603 1341 3670 p.
1361 3584 1463 3661 1833,
1486 3574 1541 3643 ubi
1564 3575 1710 3643 scribitur
1738 3575 1865 3669 quidem
1889 3575 1974 3672 apud

226 3696 415 3768 Putschium
440 3689 642 3785 sapphicum
666 3703 811 3755 constare
835 3687 975 3756 trimetro
1000 3685 1169 3770 catalecto,
1192 3685 1371 3780 exemplum
1395 3692 1502 3753 autem'
1522 3685 1608 3779 quod
1632 3685 1807 3768 subiicitur,
1836 3685 1973 3754 acatale-

227 3824 313 3878 ctum
337 3803 441 3872 efficit
474 3799 577 3870 Servii
598 3797 702 3866 locum
721 3796 753 3864 in
770 3797 914 3865 ordinem
931 3797 1054 3891 redegit
1071 3796 1112 3864 L.
1131 3796 1302 3865 Sauteuius
1324 3795 1366 3862 ad
1386 3795 1520 3863 Terent.
1539 3793 1647 3862 Maur.
1667 3822 1701 3892 p.
1714 3794 1789 3861 336.
1813 3793 1974 3865 Trimeter·

227 3910 474 4002 ἀνακλώμενος
484 3924 532 3976 est
540 3906 654 4002 fragm.
663 3904 750 3974 LlIl.
768 3905 1004 3975 Tetrametrmu
1017 3905 1102 4002 apud
1114 3905 1269 3999 poetriam
1281 3921 1423 3973 nostram
1433 3920 1592 4000 repertum
1604 3904 1680 3972 dicit
1689 3903 1811 3972 Tricha
1821 3913 1974 4001 pauor.

363 4023 543 4113 Sequuntur
565 4015 742 4111 logaoedici
765 4016 886 4111 plures,
914 4043 951 4085 ex
975 4013 1100 4108 dactylo
1123 4038 1186 4081 uno
1210 4040 1281 4082 cum
1305 4015 1451 4083 anacrusi
1474 4031 1505 4083 et
1529 4013 1650 4110 dispari
1673 4012 1894 4083 trochaeorum
1916 4043 1974 4086 uu·

227 4157 327 4206 mero.
357 4130 460 4200 Huius
485 4127 607 4220 generis
631 4153 766 4212 uersum,
791 4127 844 4221 qui
866 4128 901 4195 iu
921 4125 1084 4220 dipodiam
1105 4123 1298 4192 trochaicam
1317 4123 1536 4193 catalecticam
1555 4123 1627 4210 exit,
1652 4123 1828 4194 Telesillae
1850 4127 1890 4194 ab
1906 4127 1974 4198 Ho-

228 4243 415 4342 phaestione
440 4237 642 4330 adscriptum,
664 4237 855 4305 restituimus
879 4235 994 4328 fragm.
1009 4232 1102 4301 LIV.
1132 4233 1292 4327 Integram
1316 4235 1482 4329 dipodiam
1505 4233 1700 4304 trochaicam
1722 4232 1819 4304 habet
1840 4254 1976 4310 metr-rem

229 4355 346 4447 fragm.
362 4346 439 4430 LV,
461 4347 545 4440 quod
561 4345 761 4442 Hephaestio
777 4346 905 4440 quidem
919 4343 1042 4413 videtur
1058 4343 1163 4411 dicere
1178 4343 1321 4414 lonicum
1340 4368 1360 4412 a
1375 4345 1489 4414 maiori
1504 4345 1740 4429 tetrametrum,
1750 4343 1784 4413 in
1799 4371 1861 4440 quo
1883 4349 1976 4419 sedes
2105 4433 2106 4444 p

230 4487 325 4561 pares
342 4473 470 4550 teneant
485 4456 631 4552 dipodiae
648 4453 843 4540 trochaicae,
867 4454 981 4524 sedin
1004 4479 1097 4522 vorsu
1120 4454 1211 4523 tertio
1237 4454 1375 4523 absoluti
1398 4455 1521 4526 numeri
1540 4454 1691 4526 iudicium
1706 4452 1809 4524 hiatus
1833 4458 1976 4552 praehet,

230 4597 290 4650 nec
313 4567 380 4642 ulla
404 4589 518 4641 caussa
540 4583 598 4652 est,
623 4592 677 4634 eur
701 4566 763 4633 duo
782 4565 912 4659 priores.
925 4589 1035 4634 versus
1058 4566 1288 4634 continuentur:
1312 4581 1346 4634 ut
1365 4565 1570 4634 Hermanuos
1592 4587 1715 4658 quoque
1734 4565 1852 4636 iudicat
1870 4567 1977 4638 Elem.

232 4681 334 4752 doctr.
353 4693 444 4746 metr.
464 4704 498 4773 p.
515 4691 590 4755 113.
621 4677 669 4744 Ac
688 4673 824 4744 forsitan
841 4673 914 4742 ideo
935 4674 1040 4744 solum
1059 4673 1257 4770 Hephaestio
1277 4701 1386 4744 versus
1407 4689 1605 4744 tetrametros
1625 4673 1708 4760 fecit,
1733 4677 1819 4769 quod
1838 4676 1976 4772 plerum·

234 4815 294 4890 que
322 4804 457 4888 propter
479 4786 666 4858 brevitatem
693 4782 760 4853 bini
783 4782 914 4879 singulis
937 4782 1028 4856 lineis
1059 4785 1153 4854 scribi
1177 4785 1333 4854 solebant.
1376 4783 1536 4880 Tripodia
1558 4783 1719 4854 trochaica
1747 4801 1796 4856 est
1822 4787 1857 4857 iu
1878 4805 1979 4860 metro
