<?xml version="1.0" encoding="UTF-8"?>
<!DOCTYPE html PUBLIC "-//W3C//DTD XHTML 1.0 Transitional//EN"
    "http://www.w3.org/TR/xhtml1/DTD/xhtml1-transitional.dtd">
<html xmlns="http://www.w3.org/1999/xhtml" xml:lang="en" lang="en">
 <head>
  <title>
</title>
<meta http-equiv="Content-Type" content="text/html;charset=utf-8" />
  <meta name='ocr-system' content='tesseract 3.04.00' />
  <meta name='ocr-capabilities' content='ocr_page ocr_carea ocr_par ocr_line ocrx_word'/>
</head>
<body>
  <div class='ocr_page' id='page_1' title='image "./sapphonismytile00neuegoog/sapphonismytile00neuegoog_0097.png"; bbox 0 0 4274 5290; ppageno 0'>
   <div class='ocr_carea' id='block_1_1' title="bbox 1036 193 1096 286">
    <p class='ocr_par' dir='ltr' id='par_1_1' title="bbox 1036 193 1096 286">
     <span class='ocr_line' id='line_1_1' title="bbox 1036 193 1096 286; baseline 0 0"><span class='ocrx_word' id='word_1_1' title='bbox 1036 193 1096 286; x_wconf 88' lang='lat'><strong>86</strong></span> 
     </span>
    </p>
   </div>
   <div class='ocr_carea' id='block_1_2' title="bbox 975 399 1161 470">
    <p class='ocr_par' dir='ltr' id='par_1_2' title="bbox 975 399 1161 470">
     <span class='ocr_line' id='line_1_2' title="bbox 975 399 1161 470; baseline -0.011 0"><span class='ocrx_word' id='word_1_2' title='bbox 975 399 1161 470; x_wconf 88' lang='lat' dir='ltr'><strong>LXXXIII.</strong></span> 
     </span>
    </p>
   </div>
   <div class='ocr_carea' id='block_1_3' title="bbox 193 459 2101 946">
    <p class='ocr_par' dir='ltr' id='par_1_3' title="bbox 193 459 2102 828">
     <span class='ocr_line' id='line_1_3' title="bbox 326 459 2101 612; baseline 0 -28"><span class='ocrx_word' id='word_1_3' title='bbox 326 514 535 600; x_wconf 75' lang='lat' dir='ltr'><strong>Pottmvll,</strong></span> <span class='ocrx_word' id='word_1_4' title='bbox 552 527 604 598; x_wconf 91' lang='grc'><strong>33,</strong></span> <span class='ocrx_word' id='word_1_5' title='bbox 621 527 674 596; x_wconf 87' lang='grc'><strong>93.</strong></span> <span class='ocrx_word' id='word_1_6' title='bbox 698 511 737 580; x_wconf 92' lang='lat' dir='ltr'><strong>de</strong></span> <span class='ocrx_word' id='word_1_7' title='bbox 760 510 873 581; x_wconf 88' lang='lat' dir='ltr'><strong>calceis</strong></span> <span class='ocrx_word' id='word_1_8' title='bbox 896 534 1014 604; x_wconf 81' lang='lat' dir='ltr'><strong>agens:</strong></span> <span class='ocrx_word' id='word_1_9' title='bbox 1052 509 1106 582; x_wconf 85' lang='grc' dir='ltr'><em>Τά</em></span> <span class='ocrx_word' id='word_1_10' title='bbox 1126 511 1249 601; x_wconf 84' lang='grc' dir='ltr'><em>μίντοι</em></span> <span class='ocrx_word' id='word_1_11' title='bbox 1272 507 1540 608; x_wconf 77' lang='grc' dir='ltr'><em>Τυῤῥηνικά”</em></span> <span class='ocrx_word' id='word_1_12' title='bbox 1500 540 1552 607; x_wconf 82' lang='grc' dir='ltr'><strong>ειη</strong></span> <span class='ocrx_word' id='word_1_13' title='bbox 1575 511 1624 583; x_wconf 85' lang='grc' dir='ltr'><em>άν</em></span> <span class='ocrx_word' id='word_1_14' title='bbox 1646 543 1667 584; x_wconf 94' lang='grc' dir='ltr'><em>ο</em></span> <span class='ocrx_word' id='word_1_15' title='bbox 1658 459 1943 612; x_wconf 77' lang='grc' dir='ltr'><em>Σαπφοῦς</em></span> <span class='ocrx_word' id='word_1_16' title='bbox 1878 510 1946 604; x_wconf 90' lang='grc' dir='ltr'><strong>μά</strong></span> <span class='ocrx_word' id='word_1_17' title='bbox 2099 563 2101 566; x_wconf 94' lang='grc'>-</span> 
     </span>
     <span class='ocr_line' id='line_1_4' title="bbox 193 619 1945 720; baseline -0.006 -18"><span class='ocrx_word' id='word_1_18' title='bbox 193 637 322 720; x_wconf 86' lang='grc' dir='ltr'><em>σθλης·</em></span> <span class='ocrx_word' id='word_1_19' title='bbox 351 630 519 704; x_wconf 88' lang='grc' dir='ltr'><em>Ποιιιίλος</em></span> <span class='ocrx_word' id='word_1_20' title='bbox 539 620 713 715; x_wconf 76' lang='grc' dir='ltr'><strong><em>μάσθλης,</em></strong></span> <span class='ocrx_word' id='word_1_21' title='bbox 736 621 817 709; x_wconf 77' lang='grc' dir='ltr'><em>εἷπε,</em></span> <span class='ocrx_word' id='word_1_22' title='bbox 841 621 976 694; x_wconf 77' lang='grc' dir='ltr'><em>Λύδιον</em></span> <span class='ocrx_word' id='word_1_23' title='bbox 997 619 1156 694; x_wconf 48' lang='lat' dir='ltr'><strong>radda*</strong></span> <span class='ocrx_word' id='word_1_24' title='bbox 1129 649 1247 717; x_wconf 81' lang='grc' dir='ltr'><em>εργον.</em></span> <span class='ocrx_word' id='word_1_25' title='bbox 1939 679 1945 698; x_wconf 82' lang='grc'><em>,.</em></span> 
     </span>
     <span class='ocr_line' id='line_1_5' title="bbox 330 727 1948 828; baseline 0.001 -24"><span class='ocrx_word' id='word_1_26' title='bbox 330 735 420 804; x_wconf 90' lang='lat' dir='ltr'><em>V</em></span> <span class='ocrx_word' id='word_1_27' title='bbox 362 760 474 804; x_wconf 79' lang='lat' dir='ltr'><strong>aruum</strong></span> <span class='ocrx_word' id='word_1_28' title='bbox 490 734 611 815; x_wconf 86' lang='lat' dir='ltr'><strong>lorum,</strong></span> <span class='ocrx_word' id='word_1_29' title='bbox 631 731 777 826; x_wconf 67' lang='lat' dir='ltr'><strong>Lydium</strong></span> <span class='ocrx_word' id='word_1_30' title='bbox 787 731 970 822; x_wconf 79' lang='lat' dir='ltr'><strong>pulchrum</strong></span> <span class='ocrx_word' id='word_1_31' title='bbox 986 754 1083 820; x_wconf 80' lang='lat' dir='ltr'><strong>opus.</strong></span> <span class='ocrx_word' id='word_1_32' title='bbox 1119 730 1210 800; x_wconf 87' lang='lat' dir='ltr'>Olim</span> <span class='ocrx_word' id='word_1_33' title='bbox 1226 727 1504 801; x_wconf 77' lang='lat' dir='ltr'>scribebatur:</span> <span class='ocrx_word' id='word_1_34' title='bbox 1460 759 1521 811; x_wconf 84' lang='grc' dir='ltr'><strong>τας</strong></span> <span class='ocrx_word' id='word_1_35' title='bbox 1534 735 1656 820; x_wconf 75' lang='grc' dir='ltr'><em>μέντοι</em></span> <span class='ocrx_word' id='word_1_36' title='bbox 1678 728 1948 828; x_wconf 76' lang='grc' dir='ltr'><em>Τιιῤῥηνικάς,</em></span> <span class='ocrx_word' id='word_1_37' title='bbox 1927 764 1948 806; x_wconf 90' lang='lat' dir='ltr'><strong>o</strong></span> 
     </span>
    </p>

    <p class='ocr_par' dir='ltr' id='par_1_4' title="bbox 199 836 1949 946">
     <span class='ocr_line' id='line_1_6' title="bbox 199 836 1949 946; baseline -0.003 -28"><span class='ocrx_word' id='word_1_38' title='bbox 199 847 367 946; x_wconf 78' lang='grc' dir='ltr'><em>Σαπφοῦς</em></span> <span class='ocrx_word' id='word_1_39' title='bbox 388 839 560 935; x_wconf 89' lang='grc' dir='ltr'><em>μάσθλης,</em></span> <span class='ocrx_word' id='word_1_40' title='bbox 583 847 737 919; x_wconf 80' lang='grc' dir='ltr'><strong>ποικίλος</strong></span> <span class='ocrx_word' id='word_1_41' title='bbox 758 838 918 934; x_wconf 88' lang='grc' dir='ltr'><em>μάσθλης</em></span> <span class='ocrx_word' id='word_1_42' title='bbox 941 839 1020 927; x_wconf 76' lang='grc' dir='ltr'><em>εἶπε,</em></span> <span class='ocrx_word' id='word_1_43' title='bbox 1043 837 1178 911; x_wconf 90' lang='grc' dir='ltr'><em>Λύδιον</em></span> <span class='ocrx_word' id='word_1_44' title='bbox 1198 836 1310 910; x_wconf 84' lang='grc' dir='ltr'><em>κακάν</em></span> <span class='ocrx_word' id='word_1_45' title='bbox 1332 846 1446 935; x_wconf 76' lang='grc' dir='ltr'><em>ἔργον.</em></span> <span class='ocrx_word' id='word_1_46' title='bbox 1491 841 1558 910; x_wconf 78' lang='lat' dir='ltr'><strong>Sed</strong></span> <span class='ocrx_word' id='word_1_47' title='bbox 1581 842 1651 910; x_wconf 90' lang='lat' dir='ltr'><strong>cod.</strong></span> <span class='ocrx_word' id='word_1_48' title='bbox 1667 841 1770 910; x_wconf 86' lang='lat' dir='ltr'><strong>Voss.</strong></span> <span class='ocrx_word' id='word_1_49' title='bbox 1795 841 1839 912; x_wconf 77' lang='grc' dir='ltr'><em>τά</em></span> <span class='ocrx_word' id='word_1_50' title='bbox 1859 847 1949 932; x_wconf 79' lang='grc' dir='ltr'><em>μίν-</em></span> 
     </span>
    </p>
   </div>
   <div class='ocr_carea' id='block_1_4' title="bbox 159 909 2104 2468">
    <p class='ocr_par' dir='ltr' id='par_1_5' title="bbox 159 909 2104 2468">
     <span class='ocr_line' id='line_1_7' title="bbox 197 909 2104 1052; baseline -0.004 -23"><span class='ocrx_word' id='word_1_51' title='bbox 197 988 250 1030; x_wconf 81' lang='grc' dir='ltr'><strong>τοι</strong></span> <span class='ocrx_word' id='word_1_52' title='bbox 274 951 484 1052; x_wconf 78' lang='grc' dir='ltr'><em>Τνρῤηνικά.</em></span> <span class='ocrx_word' id='word_1_53' title='bbox 516 960 568 1047; x_wconf 78' lang='grc' dir='ltr'><strong>εἴη</strong></span> <span class='ocrx_word' id='word_1_54' title='bbox 591 952 638 1020; x_wconf 82' lang='grc' dir='ltr'><strong>ἂν</strong></span> <span class='ocrx_word' id='word_1_55' title='bbox 662 950 682 1020; x_wconf 87' lang='grc' dir='ltr'>ὁ</span> <span class='ocrx_word' id='word_1_56' title='bbox 704 952 881 1046; x_wconf 79' lang='grc' dir='ltr'><em>Σαπφοῦς.</em></span> <span class='ocrx_word' id='word_1_57' title='bbox 919 947 1046 1017; x_wconf 87' lang='lat' dir='ltr'><strong>Eadem</strong></span> <span class='ocrx_word' id='word_1_58' title='bbox 1069 949 1139 1017; x_wconf 89' lang='lat' dir='ltr'><strong>cod.</strong></span> <span class='ocrx_word' id='word_1_59' title='bbox 1153 946 1388 1042; x_wconf 78' lang='lat' dir='ltr'><strong>langermanni,</strong></span> <span class='ocrx_word' id='word_1_60' title='bbox 1411 947 1443 1015; x_wconf 93' lang='lat' dir='ltr'><strong>in</strong></span> <span class='ocrx_word' id='word_1_61' title='bbox 1467 973 1528 1042; x_wconf 90' lang='lat' dir='ltr'><strong>quo</strong></span> <span class='ocrx_word' id='word_1_62' title='bbox 1551 949 1739 1020; x_wconf 85' lang='lat' dir='ltr'><strong>adiiciuntur</strong></span> <span class='ocrx_word' id='word_1_63' title='bbox 1761 951 1859 1020; x_wconf 88' lang='lat' dir='ltr'><strong>verba</strong></span> <span class='ocrx_word' id='word_1_64' title='bbox 1880 949 1948 1042; x_wconf 82' lang='grc' dir='ltr'><strong>μά·</strong></span> <span class='ocrx_word' id='word_1_65' title='bbox 2103 909 2104 966; x_wconf 68' lang='lat' dir='ltr'><strong>l</strong></span> 
     </span>
     <span class='ocr_line' id='line_1_8' title="bbox 194 1056 1948 1163; baseline -0.005 -24"><span class='ocrx_word' id='word_1_66' title='bbox 194 1077 300 1163; x_wconf 79' lang='grc' dir='ltr'><em>σκλης</em></span> <span class='ocrx_word' id='word_1_67' title='bbox 323 1069 491 1149; x_wconf 88' lang='grc' dir='ltr'><em>ποικίλος,</em></span> <span class='ocrx_word' id='word_1_68' title='bbox 514 1062 636 1153; x_wconf 87' lang='lat' dir='ltr'><strong>reliqua</strong></span> <span class='ocrx_word' id='word_1_69' title='bbox 665 1059 785 1128; x_wconf 89' lang='lat' dir='ltr'><strong>omissa</strong></span> <span class='ocrx_word' id='word_1_70' title='bbox 809 1073 891 1126; x_wconf 91' lang='lat' dir='ltr'><strong>sunt.</strong></span> <span class='ocrx_word' id='word_1_71' title='bbox 937 1056 1109 1126; x_wconf 62' lang='lat' dir='ltr'><strong>Kuehnius‘</strong></span> <span class='ocrx_word' id='word_1_72' title='bbox 1135 1073 1166 1126; x_wconf 90' lang='lat' dir='ltr'><strong>et</strong></span> <span class='ocrx_word' id='word_1_73' title='bbox 1188 1056 1449 1126; x_wconf 88' lang='lat' dir='ltr'><strong>Hemsterhusius</strong></span> <span class='ocrx_word' id='word_1_74' title='bbox 1478 1059 1512 1126; x_wconf 93' lang='lat' dir='ltr'><strong>in</strong></span> <span class='ocrx_word' id='word_1_75' title='bbox 1534 1059 1692 1154; x_wconf 84' lang='lat' dir='ltr'><strong>prioribus</strong></span> <span class='ocrx_word' id='word_1_76' title='bbox 1716 1060 1877 1154; x_wconf 78' lang='lat' dir='ltr'><strong>vulgatam</strong></span> <span class='ocrx_word' id='word_1_77' title='bbox 1902 1059 1948 1130; x_wconf 87' lang='lat' dir='ltr'><strong>le·</strong></span> 
     </span>
     <span class='ocr_line' id='line_1_9' title="bbox 194 1164 1950 1265; baseline -0.004 -21"><span class='ocrx_word' id='word_1_78' title='bbox 194 1175 332 1249; x_wconf 74' lang='lat' dir='ltr'><strong>&#39;ctionem</strong></span> <span class='ocrx_word' id='word_1_79' title='bbox 354 1173 498 1256; x_wconf 84' lang='lat' dir='ltr'><strong>retinent,</strong></span> <span class='ocrx_word' id='word_1_80' title='bbox 523 1169 635 1240; x_wconf 85' lang='lat' dir='ltr'><strong>deinde</strong></span> <span class='ocrx_word' id='word_1_81' title='bbox 658 1185 811 1264; x_wconf 84' lang='lat' dir='ltr'><strong>pergunt:</strong></span> <span class='ocrx_word' id='word_1_82' title='bbox 842 1173 998 1246; x_wconf 80' lang='grc' dir='ltr'><strong>ποικίλος</strong></span> <span class='ocrx_word' id='word_1_83' title='bbox 1019 1175 1080 1262; x_wconf 79' lang='grc' dir='ltr'><em>εἴη.</em></span> <span class='ocrx_word' id='word_1_84' title='bbox 1112 1164 1275 1258; x_wconf 76' lang='grc' dir='ltr'><em>μάσθλης</em></span> <span class='ocrx_word' id='word_1_85' title='bbox 1288 1165 1418 1238; x_wconf 81' lang='grc' dir='ltr'><em>Λάδων</em></span> <span class='ocrx_word' id='word_1_86' title='bbox 1440 1166 1553 1239; x_wconf 88' lang='grc' dir='ltr'><em>κακδν</em></span> <span class='ocrx_word' id='word_1_87' title='bbox 1575 1175 1692 1265; x_wconf 77' lang='grc' dir='ltr'><em>ἔργον.</em></span> <span class='ocrx_word' id='word_1_88' title='bbox 1732 1169 1950 1240; x_wconf 81' lang='lat' dir='ltr'><strong>Falckenhur·</strong></span> 
     </span>
     <span class='ocr_line' id='line_1_10' title="bbox 196 1273 1950 1380; baseline -0.005 -25"><span class='ocrx_word' id='word_1_89' title='bbox 196 1287 280 1380; x_wconf 87' lang='lat' dir='ltr'><strong>gius:</strong></span> <span class='ocrx_word' id='word_1_90' title='bbox 311 1281 374 1362; x_wconf 86' lang='grc' dir='ltr'><strong>τάς</strong></span> <span class='ocrx_word' id='word_1_91' title='bbox 393 1286 514 1372; x_wconf 86' lang='grc' dir='ltr'><em>μίνιοι</em></span> <span class='ocrx_word' id='word_1_92' title='bbox 536 1276 768 1374; x_wconf 79' lang='grc' dir='ltr'><em>Τιιῤῥηνικάς,</em></span> <span class='ocrx_word' id='word_1_93' title='bbox 792 1287 846 1366; x_wconf 80' lang='grc' dir='ltr'><strong>εἴη</strong></span> <span class='ocrx_word' id='word_1_94' title='bbox 868 1278 916 1347; x_wconf 86' lang='grc' dir='ltr'><em>άν</em></span> <span class='ocrx_word' id='word_1_95' title='bbox 938 1279 1143 1374; x_wconf 87' lang='grc' dir='ltr'><em>δΣαιιφούς</em></span> <span class='ocrx_word' id='word_1_96' title='bbox 1163 1273 1323 1370; x_wconf 80' lang='grc' dir='ltr'><em>μάσθλης</em></span> <span class='ocrx_word' id='word_1_97' title='bbox 1347 1277 1396 1357; x_wconf 91' lang='lat' dir='ltr'><strong>(iu</strong></span> <span class='ocrx_word' id='word_1_98' title='bbox 1411 1277 1552 1370; x_wconf 80' lang='lat' dir='ltr'><strong>margine</strong></span> <span class='ocrx_word' id='word_1_99' title='bbox 1569 1294 1703 1348; x_wconf 89' lang='lat' dir='ltr'><strong>annotat</strong></span> <span class='ocrx_word' id='word_1_100' title='bbox 1716 1275 1848 1373; x_wconf 80' lang='grc' dir='ltr'><em>μάλης)</em></span> <span class='ocrx_word' id='word_1_101' title='bbox 1836 1292 1950 1358; x_wconf 79' lang='grc' dir='ltr'><em>)ποι-</em></span> 
     </span>
     <span class='ocr_line' id='line_1_11' title="bbox 195 1383 1949 1483; baseline -0.006 -15"><span class='ocrx_word' id='word_1_102' title='bbox 195 1402 294 1474; x_wconf 86' lang='grc' dir='ltr'><em>κίλος</em></span> <span class='ocrx_word' id='word_1_103' title='bbox 315 1391 476 1483; x_wconf 86' lang='grc' dir='ltr'><em>μάσθλης</em></span> <span class='ocrx_word' id='word_1_104' title='bbox 491 1391 570 1476; x_wconf 76' lang='grc' dir='ltr'><em>εἶπε,</em></span> <span class='ocrx_word' id='word_1_105' title='bbox 593 1386 728 1463; x_wconf 79' lang='grc' dir='ltr'><em>Λύδιον</em></span> <span class='ocrx_word' id='word_1_106' title='bbox 750 1389 867 1458; x_wconf 86' lang='grc' dir='ltr'><em>καλων</em></span> <span class='ocrx_word' id='word_1_107' title='bbox 880 1385 1033 1458; x_wconf 91' lang='grc' dir='ltr'><em>καλον</em></span> <span class='ocrx_word' id='word_1_108' title='bbox 1007 1414 1124 1482; x_wconf 82' lang='grc' dir='ltr'><em>εργον</em></span> <span class='ocrx_word' id='word_1_109' title='bbox 1166 1383 1302 1457; x_wconf 77' lang='grc' dir='ltr'><em>Λύδιον</em></span> <span class='ocrx_word' id='word_1_110' title='bbox 1315 1384 1466 1457; x_wconf 87' lang='grc' dir='ltr'><em>καλσν</em></span> <span class='ocrx_word' id='word_1_111' title='bbox 1440 1415 1547 1483; x_wconf 82' lang='grc' dir='ltr'><em>εργον</em></span> <span class='ocrx_word' id='word_1_112' title='bbox 1570 1388 1724 1458; x_wconf 86' lang='lat' dir='ltr'><strong>dederunt</strong></span> <span class='ocrx_word' id='word_1_113' title='bbox 1745 1389 1840 1457; x_wconf 90' lang='lat' dir='ltr'><strong>etiam</strong></span> <span class='ocrx_word' id='word_1_114' title='bbox 1857 1389 1949 1458; x_wconf 85' lang='lat' dir='ltr'><strong>Tou·</strong></span> 
     </span>
     <span class='ocr_line' id='line_1_12' title="bbox 196 1489 1950 1603; baseline -0.004 -30"><span class='ocrx_word' id='word_1_115' title='bbox 196 1507 268 1603; x_wconf 90' lang='lat' dir='ltr'><strong>pius</strong></span> <span class='ocrx_word' id='word_1_116' title='bbox 291 1505 325 1572; x_wconf 93' lang='lat' dir='ltr'><strong>in</strong></span> <span class='ocrx_word' id='word_1_117' title='bbox 349 1489 484 1573; x_wconf 84' lang='lat' dir='ltr'><strong>Suidam</strong></span> <span class='ocrx_word' id='word_1_118' title='bbox 503 1499 565 1566; x_wconf 88' lang='lat' dir='ltr'><strong>lV.</strong></span> <span class='ocrx_word' id='word_1_119' title='bbox 589 1525 622 1592; x_wconf 90' lang='lat' dir='ltr'><strong>p.</strong></span> <span class='ocrx_word' id='word_1_120' title='bbox 639 1510 731 1563; x_wconf 90' lang='grc'><strong>333.</strong></span> <span class='ocrx_word' id='word_1_121' title='bbox 728 1513 770 1564; x_wconf 88' lang='lat' dir='ltr'><strong>et</strong></span> <span class='ocrx_word' id='word_1_122' title='bbox 784 1495 958 1590; x_wconf 89' lang='lat' dir='ltr'><strong>Volgems.</strong></span> <span class='ocrx_word' id='word_1_123' title='bbox 1011 1492 1218 1590; x_wconf 75' lang='grc' dir='ltr'><em>Τιιῤῥηνικά</em></span> <span class='ocrx_word' id='word_1_124' title='bbox 1243 1493 1353 1562; x_wconf 89' lang='lat' dir='ltr'><strong>loris</strong></span> <span class='ocrx_word' id='word_1_125' title='bbox 1343 1497 1495 1564; x_wconf 73' lang='lat' dir='ltr'><strong>inauratis</strong></span> <span class='ocrx_word' id='word_1_126' title='bbox 1524 1497 1696 1590; x_wconf 88' lang='lat' dir='ltr'><strong>conspicua</strong></span> <span class='ocrx_word' id='word_1_127' title='bbox 1723 1499 1798 1567; x_wconf 91' lang='lat' dir='ltr'><strong>dicit</strong></span> <span class='ocrx_word' id='word_1_128' title='bbox 1819 1497 1950 1584; x_wconf 84' lang='lat' dir='ltr'>Pollux,</span> 
     </span>
     <span class='ocr_line' id='line_1_13' title="bbox 198 1591 1952 1710; baseline -0.002 -28"><span class='ocrx_word' id='word_1_129' title='bbox 198 1591 383 1710; x_wconf 84' lang='lat' dir='ltr'><strong>quibuscum</strong></span> <span class='ocrx_word' id='word_1_130' title='bbox 406 1609 489 1677; x_wconf 89' lang='lat' dir='ltr'><strong>male</strong></span> <span class='ocrx_word' id='word_1_131' title='bbox 512 1606 671 1676; x_wconf 77' lang='lat' dir='ltr'><strong>conferret</strong></span> <span class='ocrx_word' id='word_1_132' title='bbox 685 1603 870 1700; x_wconf 88' lang='lat' dir='ltr'><strong>Sapphoms</strong></span> <span class='ocrx_word' id='word_1_133' title='bbox 892 1602 1094 1696; x_wconf 85' lang='grc' dir='ltr'><em>μάσθληια,</em></span> <span class='ocrx_word' id='word_1_134' title='bbox 1118 1629 1145 1670; x_wconf 74' lang='grc' dir='ltr'><strong>ιι</strong></span> <span class='ocrx_word' id='word_1_135' title='bbox 1160 1627 1231 1698; x_wconf 84' lang='lat' dir='ltr'><strong>rpsa</strong></span> <span class='ocrx_word' id='word_1_136' title='bbox 1253 1631 1325 1673; x_wconf 90' lang='lat' dir='ltr'><strong>eum</strong></span> <span class='ocrx_word' id='word_1_137' title='bbox 1340 1603 1516 1698; x_wconf 87' lang='lat' dir='ltr'><strong>appellaret</strong></span> <span class='ocrx_word' id='word_1_138' title='bbox 1537 1635 1651 1678; x_wconf 88' lang='grc' dir='ltr'><em>κακον</em></span> <span class='ocrx_word' id='word_1_139' title='bbox 1665 1612 1781 1703; x_wconf 85' lang='grc' dir='ltr'><em>εργον</em></span> <span class='ocrx_word' id='word_1_140' title='bbox 1811 1606 1860 1680; x_wconf 86' lang='lat' dir='ltr'><strong>Ac</strong></span> <span class='ocrx_word' id='word_1_141' title='bbox 1876 1626 1952 1678; x_wconf 87' lang='lat' dir='ltr'><strong>sunt</strong></span> 
     </span>
     <span class='ocr_line' id='line_1_14' title="bbox 197 1712 1952 1837; baseline -0.003 -44"><span class='ocrx_word' id='word_1_142' title='bbox 197 1725 286 1822; x_wconf 88' lang='lat' dir='ltr'><strong>apud</strong></span> <span class='ocrx_word' id='word_1_143' title='bbox 308 1721 419 1814; x_wconf 89' lang='lat' dir='ltr'><strong>Lydos</strong></span> <span class='ocrx_word' id='word_1_144' title='bbox 442 1718 550 1785; x_wconf 90' lang='lat' dir='ltr'><strong>omnia</strong></span> <span class='ocrx_word' id='word_1_145' title='bbox 572 1715 615 1785; x_wconf 91' lang='lat' dir='ltr'><strong>ad</strong></span> <span class='ocrx_word' id='word_1_146' title='bbox 637 1713 753 1782; x_wconf 86' lang='lat' dir='ltr'><strong>cultum</strong></span> <span class='ocrx_word' id='word_1_147' title='bbox 777 1730 808 1781; x_wconf 90' lang='lat' dir='ltr'><strong>et</strong></span> <span class='ocrx_word' id='word_1_148' title='bbox 830 1712 1024 1837; x_wconf 74' lang='lat' dir='ltr'><strong>opulentiam</strong></span> <span class='ocrx_word' id='word_1_149' title='bbox 1047 1729 1220 1809; x_wconf 88' lang='lat' dir='ltr'><strong>apparata,</strong></span> <span class='ocrx_word' id='word_1_150' title='bbox 1256 1713 1525 1806; x_wconf 78' lang='lat' dir='ltr'><strong>quemadmodum</strong></span> <span class='ocrx_word' id='word_1_151' title='bbox 1544 1740 1692 1809; x_wconf 82' lang='lat' dir='ltr'><strong>expresse</strong></span> <span class='ocrx_word' id='word_1_152' title='bbox 1715 1715 1766 1784; x_wconf 90' lang='lat' dir='ltr'><strong>hic</strong></span> <span class='ocrx_word' id='word_1_153' title='bbox 1788 1715 1952 1816; x_wconf 84' lang='grc' dir='ltr'><em>μάσθλης</em></span> 
     </span>
     <span class='ocr_line' id='line_1_15' title="bbox 199 1819 1952 1924; baseline -0.01 -19"><span class='ocrx_word' id='word_1_154' title='bbox 199 1853 235 1906; x_wconf 90' lang='lat' dir='ltr'><strong>ut</strong></span> <span class='ocrx_word' id='word_1_155' title='bbox 257 1837 410 1908; x_wconf 84' lang='grc' dir='ltr'><em>ποικίλος</em></span> <span class='ocrx_word' id='word_1_156' title='bbox 432 1826 643 1922; x_wconf 87' lang='lat' dir='ltr'><strong>praedicatur.</strong></span> <span class='ocrx_word' id='word_1_157' title='bbox 690 1819 868 1891; x_wconf 89' lang='lat' dir='ltr'><strong>Nomen</strong></span> <span class='ocrx_word' id='word_1_158' title='bbox 841 1848 888 1890; x_wconf 82' lang='lat' dir='ltr'><strong>sue</strong></span> <span class='ocrx_word' id='word_1_159' title='bbox 910 1822 1075 1916; x_wconf 80' lang='lat' dir='ltr'><strong>exponitur</strong></span> <span class='ocrx_word' id='word_1_160' title='bbox 1097 1848 1117 1891; x_wconf 89' lang='lat' dir='ltr'><strong>a</strong></span> <span class='ocrx_word' id='word_1_161' title='bbox 1140 1821 1250 1893; x_wconf 90' lang='lat' dir='ltr'><strong>Schol.</strong></span> <span class='ocrx_word' id='word_1_162' title='bbox 1271 1821 1436 1917; x_wconf 90' lang='lat' dir='ltr'><strong>Aristoph.</strong></span> <span class='ocrx_word' id='word_1_163' title='bbox 1455 1823 1520 1917; x_wconf 88' lang='lat' dir='ltr'><strong>Eq.</strong></span> <span class='ocrx_word' id='word_1_164' title='bbox 1537 1824 1612 1905; x_wconf 86' lang='grc'><strong>369.</strong></span> <span class='ocrx_word' id='word_1_165' title='bbox 1634 1823 1797 1920; x_wconf 65' lang='grc' dir='ltr'><em>μάσθλης</em></span> <span class='ocrx_word' id='word_1_166' title='bbox 1819 1834 1952 1924; x_wconf 62' lang='grc' dir='ltr'><em>κυρίως</em></span> 
     </span>
     <span class='ocr_line' id='line_1_16' title="bbox 197 1929 1949 2072; baseline 0 -64"><span class='ocrx_word' id='word_1_167' title='bbox 197 1942 298 2036; x_wconf 70' lang='grc' dir='ltr'><em>ἱμάς</em></span> <span class='ocrx_word' id='word_1_168' title='bbox 306 1939 575 2030; x_wconf 82' lang='grc' dir='ltr'><em>μεμαλαγμίνος</em></span> <span class='ocrx_word' id='word_1_169' title='bbox 602 1935 661 2003; x_wconf 80' lang='grc' dir='ltr'><strong>καὶ</strong></span> <span class='ocrx_word' id='word_1_170' title='bbox 686 1929 821 2012; x_wconf 79' lang='grc' dir='ltr'><em>ἁπαλάς</em></span> <span class='ocrx_word' id='word_1_171' title='bbox 849 1936 909 2001; x_wconf 78' lang='grc' dir='ltr'><strong>καί</strong></span> <span class='ocrx_word' id='word_1_172' title='bbox 937 1929 1115 2072; x_wconf 80' lang='grc' dir='ltr'><em>τρυφερός.</em></span> <span class='ocrx_word' id='word_1_173' title='bbox 1159 1931 1204 2000; x_wconf 88' lang='lat' dir='ltr'><strong>Et</strong></span> <span class='ocrx_word' id='word_1_174' title='bbox 1232 1933 1273 2002; x_wconf 90' lang='lat' dir='ltr'><strong>ah</strong></span> <span class='ocrx_word' id='word_1_175' title='bbox 1302 1931 1481 2028; x_wconf 77' lang='lat' dir='ltr'><strong>Hesychioz</strong></span> <span class='ocrx_word' id='word_1_176' title='bbox 1514 1931 1660 2030; x_wconf 90' lang='grc' dir='ltr'><em>μάσθλη</em></span> <span class='ocrx_word' id='word_1_177' title='bbox 1688 1940 1747 2006; x_wconf 82' lang='grc' dir='ltr'><strong>καί</strong></span> <span class='ocrx_word' id='word_1_178' title='bbox 1775 1934 1949 2030; x_wconf 83' lang='grc' dir='ltr'><em>μάσθλης,</em></span> 
     </span>
     <span class='ocr_line' id='line_1_17' title="bbox 198 2037 1949 2152; baseline -0.003 -30"><span class='ocrx_word' id='word_1_179' title='bbox 198 2058 323 2152; x_wconf 71' lang='grc' dir='ltr'><em>δέρμα,</em></span> <span class='ocrx_word' id='word_1_180' title='bbox 346 2051 406 2118; x_wconf 80' lang='grc' dir='ltr'><strong>καί</strong></span> <span class='ocrx_word' id='word_1_181' title='bbox 427 2045 587 2138; x_wconf 81' lang='grc' dir='ltr'><em>ὑπόδημα</em></span> <span class='ocrx_word' id='word_1_182' title='bbox 609 2041 801 2142; x_wconf 80' lang='grc' dir='ltr'><em>φοινικοῦν,</em></span> <span class='ocrx_word' id='word_1_183' title='bbox 823 2041 925 2111; x_wconf 78' lang='grc' dir='ltr'><strong>καί</strong></span> <span class='ocrx_word' id='word_1_184' title='bbox 905 2046 1001 2138; x_wconf 92' lang='grc' dir='ltr'><em>ηνία,</em></span> <span class='ocrx_word' id='word_1_185' title='bbox 1025 2045 1187 2138; x_wconf 74' lang='grc' dir='ltr'><em>διφθέρα.</em></span> <span class='ocrx_word' id='word_1_186' title='bbox 1230 2039 1325 2110; x_wconf 88' lang='lat' dir='ltr'><strong>Adde</strong></span> <span class='ocrx_word' id='word_1_187' title='bbox 1341 2037 1559 2138; x_wconf 91' lang='lat' dir='ltr'><strong>Zonaramp.</strong></span> <span class='ocrx_word' id='word_1_188' title='bbox 1580 2057 1672 2110; x_wconf 89' lang='grc'><strong>1333.</strong></span> <span class='ocrx_word' id='word_1_189' title='bbox 1697 2043 1949 2143; x_wconf 88' lang='lat' dir='ltr'><strong>etPhotiump.</strong></span> 
     </span>
     <span class='ocr_line' id='line_1_18' title="bbox 159 2148 1951 2288; baseline -0.007 -54"><span class='ocrx_word' id='word_1_190' title='bbox 159 2151 162 2156; x_wconf 35' lang='lat'>⁵</span> <span class='ocrx_word' id='word_1_191' title='bbox 203 2175 275 2234; x_wconf 89' lang='grc'><strong>183.</strong></span> <span class='ocrx_word' id='word_1_192' title='bbox 320 2158 507 2227; x_wconf 86' lang='lat' dir='ltr'><strong>Lectiouem</strong></span> <span class='ocrx_word' id='word_1_193' title='bbox 528 2149 640 2248; x_wconf 83' lang='grc' dir='ltr'><em>μάλης</em></span> <span class='ocrx_word' id='word_1_194' title='bbox 664 2149 857 2218; x_wconf 86' lang='lat' dir='ltr'><strong>Gaissordus</strong></span> <span class='ocrx_word' id='word_1_195' title='bbox 880 2149 1043 2243; x_wconf 84' lang='lat' dir='ltr'><strong>componit</strong></span> <span class='ocrx_word' id='word_1_196' title='bbox 1063 2175 1133 2230; x_wconf 82' lang='lat' dir='ltr'><strong>cum</strong></span> <span class='ocrx_word' id='word_1_197' title='bbox 1155 2148 1227 2218; x_wconf 88' lang='lat' dir='ltr'><strong>loco</strong></span> <span class='ocrx_word' id='word_1_198' title='bbox 1249 2149 1556 2246; x_wconf 90' lang='lat' dir='ltr'><strong>Hephaestionisp.</strong></span> <span class='ocrx_word' id='word_1_199' title='bbox 1581 2168 1630 2218; x_wconf 88' lang='grc'><strong>13.</strong></span> <span class='ocrx_word' id='word_1_200' title='bbox 1653 2151 1886 2288; x_wconf 73' lang='grc' dir='ltr'><em>προιάσηειηιι</em></span> <span class='ocrx_word' id='word_1_201' title='bbox 1910 2155 1951 2229; x_wconf 76' lang='grc' dir='ltr'><strong>ιδ</strong></span> 
     </span>
     <span class='ocr_line' id='line_1_19' title="bbox 199 2255 1951 2391; baseline -0.005 -47"><span class='ocrx_word' id='word_1_202' title='bbox 199 2307 220 2367; x_wconf 84' lang='grc' dir='ltr'><em>ο</em></span> <span class='ocrx_word' id='word_1_203' title='bbox 199 2260 353 2357; x_wconf 84' lang='grc' dir='ltr'><em>τούλ,</em></span> <span class='ocrx_word' id='word_1_204' title='bbox 377 2295 467 2337; x_wconf 82' lang='grc' dir='ltr'><em>κατα</em></span> <span class='ocrx_word' id='word_1_205' title='bbox 459 2261 616 2348; x_wconf 88' lang='grc' dir='ltr'><em>πάθος,</em></span> <span class='ocrx_word' id='word_1_206' title='bbox 640 2261 685 2340; x_wconf 81' lang='grc' dir='ltr'><strong>άς</strong></span> <span class='ocrx_word' id='word_1_207' title='bbox 704 2262 744 2330; x_wconf 78' lang='grc' dir='ltr'><strong>ἐν</strong></span> <span class='ocrx_word' id='word_1_208' title='bbox 764 2290 811 2348; x_wconf 79' lang='grc' dir='ltr'><strong>τῳ</strong></span> <span class='ocrx_word' id='word_1_209' title='bbox 798 2255 989 2357; x_wconf 77' lang='grc' dir='ltr'><em>μάσληςι.</em></span> <span class='ocrx_word' id='word_1_210' title='bbox 1006 2260 1051 2328; x_wconf 89' lang='lat' dir='ltr'><strong>sic</strong></span> <span class='ocrx_word' id='word_1_211' title='bbox 1071 2259 1155 2328; x_wconf 84' lang='lat' dir='ltr'><strong>euim</strong></span> <span class='ocrx_word' id='word_1_212' title='bbox 1172 2258 1365 2328; x_wconf 83' lang='lat' dir='ltr'><strong>Gaisfordus</strong></span> <span class='ocrx_word' id='word_1_213' title='bbox 1381 2285 1397 2327; x_wconf 98' lang='lat' dir='ltr'><strong>e</strong></span> <span class='ocrx_word' id='word_1_214' title='bbox 1415 2260 1485 2327; x_wconf 92' lang='lat' dir='ltr'><strong>cod.</strong></span> <span class='ocrx_word' id='word_1_215' title='bbox 1502 2259 1541 2328; x_wconf 91' lang='lat' dir='ltr'><strong>C.</strong></span> <span class='ocrx_word' id='word_1_216' title='bbox 1564 2285 1623 2354; x_wconf 92' lang='lat' dir='ltr'><strong>pro</strong></span> <span class='ocrx_word' id='word_1_217' title='bbox 1639 2261 1766 2354; x_wconf 82' lang='lat' dir='ltr'><strong>vulgato</strong></span> <span class='ocrx_word' id='word_1_218' title='bbox 1781 2261 1951 2391; x_wconf 81' lang='grc' dir='ltr'><em>άμάσλης.</em></span> 
     </span>
     <span class='ocr_line' id='line_1_20' title="bbox 196 2362 1950 2468; baseline -0.006 -15"><span class='ocrx_word' id='word_1_219' title='bbox 196 2362 349 2453; x_wconf 82' lang='lat' dir='ltr'><strong>Ceterum</strong></span> <span class='ocrx_word' id='word_1_220' title='bbox 369 2375 488 2445; x_wconf 86' lang='lat' dir='ltr'><strong>Pollux</strong></span> <span class='ocrx_word' id='word_1_221' title='bbox 510 2371 572 2442; x_wconf 88' lang='lat' dir='ltr'><strong>huc</strong></span> <span class='ocrx_word' id='word_1_222' title='bbox 593 2368 726 2444; x_wconf 87' lang='grc' dir='ltr'><em>Λύδιον</em></span> <span class='ocrx_word' id='word_1_223' title='bbox 746 2365 904 2440; x_wconf 85' lang='grc' dir='ltr'><em>καλδν</em></span> <span class='ocrx_word' id='word_1_224' title='bbox 877 2397 982 2464; x_wconf 82' lang='grc' dir='ltr'><em>εργσν</em></span> <span class='ocrx_word' id='word_1_225' title='bbox 1004 2394 1075 2438; x_wconf 89' lang='lat' dir='ltr'><strong>cum</strong></span> <span class='ocrx_word' id='word_1_226' title='bbox 1105 2373 1341 2460; x_wconf 74' lang='grc' dir='ltr'><em>Τυρρηνικοῖς</em></span> <span class='ocrx_word' id='word_1_227' title='bbox 1362 2368 1489 2437; x_wconf 86' lang='lat' dir='ltr'><strong>nonnisi</strong></span> <span class='ocrx_word' id='word_1_228' title='bbox 1513 2368 1556 2438; x_wconf 87' lang='lat' dir='ltr'><strong>ob</strong></span> <span class='ocrx_word' id='word_1_229' title='bbox 1578 2372 1833 2442; x_wconf 84' lang='lat' dir='ltr'><strong>communionem</strong></span> <span class='ocrx_word' id='word_1_230' title='bbox 1855 2375 1950 2468; x_wconf 86' lang='lat' dir='ltr'><strong>origi·</strong></span> 
     </span>
    </p>
   </div>
   <div class='ocr_carea' id='block_1_5' title="bbox 198 2476 1949 2572">
    <p class='ocr_par' dir='ltr' id='par_1_6' title="bbox 198 2476 1949 2572">
     <span class='ocr_line' id='line_1_21' title="bbox 198 2476 1949 2572; baseline -0.006 -8"><span class='ocrx_word' id='word_1_231' title='bbox 198 2492 249 2564; x_wconf 90' lang='lat' dir='ltr'><strong>nis</strong></span> <span class='ocrx_word' id='word_1_232' title='bbox 267 2491 390 2560; x_wconf 86' lang='lat' dir='ltr'><strong>uidetur</strong></span> <span class='ocrx_word' id='word_1_233' title='bbox 411 2482 621 2565; x_wconf 80' lang='lat' dir='ltr'><strong>coniunxisse,</strong></span> <span class='ocrx_word' id='word_1_234' title='bbox 645 2483 726 2572; x_wconf 80' lang='lat' dir='ltr'><strong>quiae</strong></span> <span class='ocrx_word' id='word_1_235' title='bbox 749 2478 831 2548; x_wconf 86' lang='lat' dir='ltr'><strong>iuter</strong></span> <span class='ocrx_word' id='word_1_236' title='bbox 853 2493 963 2572; x_wconf 81' lang='lat' dir='ltr'><strong>gentes</strong></span> <span class='ocrx_word' id='word_1_237' title='bbox 981 2476 1053 2547; x_wconf 86' lang='lat' dir='ltr'><strong>illas</strong></span> <span class='ocrx_word' id='word_1_238' title='bbox 1069 2478 1268 2550; x_wconf 82' lang='lat' dir='ltr'><strong>intercedere</strong></span> <span class='ocrx_word' id='word_1_239' title='bbox 1291 2477 1479 2572; x_wconf 88' lang='lat' dir='ltr'><strong>putabatur.</strong></span> <span class='ocrx_word' id='word_1_240' title='bbox 1502 2479 1548 2548; x_wconf 88' lang='lat' dir='ltr'><strong>uti</strong></span> <span class='ocrx_word' id='word_1_241' title='bbox 1563 2479 1734 2550; x_wconf 87' lang='lat' dir='ltr'><strong>arbitratur</strong></span> <span class='ocrx_word' id='word_1_242' title='bbox 1748 2482 1888 2554; x_wconf 87' lang='lat' dir='ltr'><strong>etiaml.</strong></span> <span class='ocrx_word' id='word_1_243' title='bbox 1901 2485 1949 2558; x_wconf 89' lang='grc' dir='ltr'><strong>Η.</strong></span> 
     </span>
    </p>
   </div>
   <div class='ocr_carea' id='block_1_6' title="bbox 195 2587 1171 2764">
    <p class='ocr_par' dir='ltr' id='par_1_7' title="bbox 195 2587 1171 2764">
     <span class='ocr_line' id='line_1_22' title="bbox 195 2587 854 2692; baseline -0.035 -17"><span class='ocrx_word' id='word_1_244' title='bbox 195 2597 338 2674; x_wconf 69' lang='lat' dir='ltr'><strong>&#39;Vossius</strong></span> <span class='ocrx_word' id='word_1_245' title='bbox 354 2595 419 2692; x_wconf 89' lang='lat' dir='ltr'><strong>Ep.</strong></span> <span class='ocrx_word' id='word_1_246' title='bbox 434 2591 531 2686; x_wconf 85' lang='lat' dir='ltr'><strong>myth</strong></span> <span class='ocrx_word' id='word_1_247' title='bbox 552 2587 593 2659; x_wconf 89' lang='lat' dir='ltr'><strong>T.</strong></span> <span class='ocrx_word' id='word_1_248' title='bbox 606 2589 680 2684; x_wconf 85' lang='lat' dir='ltr'><strong>tp.</strong></span> <span class='ocrx_word' id='word_1_249' title='bbox 696 2595 766 2658; x_wconf 87' lang='grc'><em>108.</em></span> <span class='ocrx_word' id='word_1_250' title='bbox 783 2601 854 2670; x_wconf 82' lang='grc'><em>109.</em></span> 
     </span>
     <span class='ocr_line' id='line_1_23' title="bbox 981 2693 1171 2764; baseline 0.005 -1"><span class='ocrx_word' id='word_1_251' title='bbox 981 2693 1171 2764; x_wconf 82' lang='lat' dir='ltr'><strong>LXXXlV.</strong></span> 
     </span>
    </p>
   </div>
   <div class='ocr_carea' id='block_1_7' title="bbox 336 2803 1952 2904">
    <p class='ocr_par' dir='ltr' id='par_1_8' title="bbox 336 2803 1952 2904">
     <span class='ocr_line' id='line_1_24' title="bbox 336 2803 1952 2904; baseline 0.004 -25"><span class='ocrx_word' id='word_1_252' title='bbox 336 2810 519 2884; x_wconf 81' lang='lat' dir='ltr'><strong>Scholiasta</strong></span> <span class='ocrx_word' id='word_1_253' title='bbox 542 2807 708 2902; x_wconf 89' lang='lat' dir='ltr'><strong>Apollonii</strong></span> <span class='ocrx_word' id='word_1_254' title='bbox 729 2805 851 2876; x_wconf 87' lang='lat' dir='ltr'><strong>Rhodii</strong></span> <span class='ocrx_word' id='word_1_255' title='bbox 877 2805 998 2892; x_wconf 86' lang='grc' dir='ltr'><strong>Ι,737.</strong></span> <span class='ocrx_word' id='word_1_256' title='bbox 1027 2803 1319 2903; x_wconf 74' lang='grc' dir='ltr'><em>Ἐρειιθηεσσα’</em></span> <span class='ocrx_word' id='word_1_257' title='bbox 1296 2836 1318 2900; x_wconf 93' lang='grc' dir='ltr'><strong>η</strong></span> <span class='ocrx_word' id='word_1_258' title='bbox 1347 2809 1408 2877; x_wconf 82' lang='grc' dir='ltr'><em>τοῦ</em></span> <span class='ocrx_word' id='word_1_259' title='bbox 1429 2805 1581 2904; x_wconf 87' lang='grc' dir='ltr'><em>Ἰάσονος</em></span> <span class='ocrx_word' id='word_1_260' title='bbox 1609 2811 1748 2897; x_wconf 85' lang='grc' dir='ltr'><em>δίπλαξ,</em></span> <span class='ocrx_word' id='word_1_261' title='bbox 1780 2805 1862 2882; x_wconf 70' lang='lat' dir='ltr'><strong>dart</strong></span> <span class='ocrx_word' id='word_1_262' title='bbox 1889 2815 1952 2886; x_wconf 78' lang='lat' dir='ltr'><strong>roci</strong></span> 
     </span>
    </p>
   </div>
   <div class='ocr_carea' id='block_1_8' title="bbox 200 2913 1951 3121">
    <p class='ocr_par' dir='ltr' id='par_1_9' title="bbox 200 2913 1951 3121">
     <span class='ocr_line' id='line_1_25' title="bbox 200 2913 1854 3043; baseline -0.001 -50"><span class='ocrx_word' id='word_1_263' title='bbox 200 2922 333 3025; x_wconf 72' lang='grc' dir='ltr'><em>πυρῤά,</em></span> <span class='ocrx_word' id='word_1_264' title='bbox 356 2924 564 3018; x_wconf 73' lang='grc' dir='ltr'><em>ὑπέρυθρος.</em></span> <span class='ocrx_word' id='word_1_265' title='bbox 597 2920 703 2988; x_wconf 81' lang='grc' dir='ltr'><em>καί”</em></span> <span class='ocrx_word' id='word_1_266' title='bbox 677 2943 748 2988; x_wconf 82' lang='grc' dir='ltr'><em>εστι</em></span> <span class='ocrx_word' id='word_1_267' title='bbox 769 2914 867 3015; x_wconf 86' lang='grc' dir='ltr'><em>παρά</em></span> <span class='ocrx_word' id='word_1_268' title='bbox 889 2947 928 2986; x_wconf 85' lang='grc' dir='ltr'><strong>ιο</strong></span> <span class='ocrx_word' id='word_1_269' title='bbox 920 2913 1151 3012; x_wconf 84' lang='grc' dir='ltr'><em>Σαπφικόν·</em></span> <span class='ocrx_word' id='word_1_270' title='bbox 1181 2920 1432 2996; x_wconf 82' lang='grc' dir='ltr'><em>Παντοδαπαῖς</em></span> <span class='ocrx_word' id='word_1_271' title='bbox 1453 2921 1647 3012; x_wconf 78' lang='grc' dir='ltr'><em>μεμιγμένα</em></span> <span class='ocrx_word' id='word_1_272' title='bbox 1669 2927 1854 3043; x_wconf 79' lang='grc' dir='ltr'><em>χροιαισιν.</em></span> 
     </span>
     <span class='ocr_line' id='line_1_26' title="bbox 338 3024 1951 3121; baseline 0.002 -20"><span class='ocrx_word' id='word_1_273' title='bbox 338 3029 535 3121; x_wconf 81' lang='lat' dir='ltr'><strong>Omnigeuis</strong></span> <span class='ocrx_word' id='word_1_274' title='bbox 552 3028 663 3094; x_wconf 73' lang='lat' dir='ltr'><strong>mim</strong></span> <span class='ocrx_word' id='word_1_275' title='bbox 680 3051 720 3093; x_wconf 89' lang='lat' dir='ltr'><strong>co</strong></span> <span class='ocrx_word' id='word_1_276' title='bbox 724 3027 864 3095; x_wconf 78' lang='lat' dir='ltr'><strong>l·&#39;.orabus</strong></span> <span class='ocrx_word' id='word_1_277' title='bbox 888 3024 1006 3093; x_wconf 91' lang='lat' dir='ltr'><strong>Iridem</strong></span> <span class='ocrx_word' id='word_1_278' title='bbox 1022 3025 1083 3092; x_wconf 91' lang='lat' dir='ltr'><strong>dici</strong></span> <span class='ocrx_word' id='word_1_279' title='bbox 1098 3024 1267 3118; x_wconf 84' lang='lat' dir='ltr'><strong>opinantur</strong></span> <span class='ocrx_word' id='word_1_280' title='bbox 1278 3025 1417 3095; x_wconf 87' lang='lat' dir='ltr'><strong>Ursinus</strong></span> <span class='ocrx_word' id='word_1_281' title='bbox 1436 3042 1468 3094; x_wconf 90' lang='lat' dir='ltr'><strong>et</strong></span> <span class='ocrx_word' id='word_1_282' title='bbox 1478 3025 1656 3119; x_wconf 84' lang='lat' dir='ltr'><strong>Volgerus</strong></span> <span class='ocrx_word' id='word_1_283' title='bbox 1678 3028 1828 3120; x_wconf 89' lang='lat' dir='ltr'><strong>qnoniam</strong></span> <span class='ocrx_word' id='word_1_284' title='bbox 1845 3047 1951 3104; x_wconf 82' lang='lat' dir='ltr'><strong>autem</strong></span> 
     </span>
    </p>
   </div>
   <div class='ocr_carea' id='block_1_9' title="bbox 198 3131 1950 3459">
    <p class='ocr_par' dir='ltr' id='par_1_10' title="bbox 198 3131 1950 3459">
     <span class='ocr_line' id='line_1_27' title="bbox 202 3131 1948 3272; baseline -0.002 -58"><span class='ocrx_word' id='word_1_285' title='bbox 202 3143 367 3272; x_wconf 81' lang='lat' dir='ltr'><strong>Apollonii</strong></span> <span class='ocrx_word' id='word_1_286' title='bbox 389 3135 604 3238; x_wconf 75' lang='grc' dir='ltr'><em>ἐρενθηιοσα</em></span> <span class='ocrx_word' id='word_1_287' title='bbox 626 3135 736 3230; x_wconf 83' lang='lat' dir='ltr'><strong>dispar</strong></span> <span class='ocrx_word' id='word_1_288' title='bbox 758 3151 807 3203; x_wconf 88' lang='lat' dir='ltr'><strong>est</strong></span> <span class='ocrx_word' id='word_1_289' title='bbox 829 3150 957 3202; x_wconf 89' lang='lat' dir='ltr'><strong>nostrae</strong></span> <span class='ocrx_word' id='word_1_290' title='bbox 979 3133 1145 3217; x_wconf 85' lang='lat' dir='ltr'><strong>formulae,</strong></span> <span class='ocrx_word' id='word_1_291' title='bbox 1168 3131 1338 3204; x_wconf 91' lang='lat' dir='ltr'><strong>videndum</strong></span> <span class='ocrx_word' id='word_1_292' title='bbox 1361 3152 1420 3219; x_wconf 88' lang='lat' dir='ltr'><strong>est,</strong></span> <span class='ocrx_word' id='word_1_293' title='bbox 1445 3159 1487 3204; x_wconf 93' lang='lat' dir='ltr'><strong>au</strong></span> <span class='ocrx_word' id='word_1_294' title='bbox 1510 3137 1706 3230; x_wconf 88' lang='lat' dir='ltr'><strong>comparatio</strong></span> <span class='ocrx_word' id='word_1_295' title='bbox 1729 3137 1803 3207; x_wconf 88' lang='lat' dir='ltr'><strong>insit</strong></span> <span class='ocrx_word' id='word_1_296' title='bbox 1825 3140 1871 3209; x_wconf 90' lang='lat' dir='ltr'><strong>rei</strong></span> <span class='ocrx_word' id='word_1_297' title='bbox 1894 3143 1948 3211; x_wconf 90' lang='lat' dir='ltr'><strong>de·</strong></span> 
     </span>
     <span class='ocr_line' id='line_1_28' title="bbox 199 3239 1950 3352; baseline -0.002 -26"><span class='ocrx_word' id='word_1_298' title='bbox 199 3257 356 3352; x_wconf 86' lang='lat' dir='ltr'><strong>scriptae,</strong></span> <span class='ocrx_word' id='word_1_299' title='bbox 385 3267 416 3318; x_wconf 91' lang='lat' dir='ltr'><strong>et</strong></span> <span class='ocrx_word' id='word_1_300' title='bbox 439 3245 574 3343; x_wconf 88' lang='lat' dir='ltr'><strong>Sappho</strong></span> <span class='ocrx_word' id='word_1_301' title='bbox 597 3244 646 3313; x_wconf 89' lang='lat' dir='ltr'><strong>his</strong></span> <span class='ocrx_word' id='word_1_302' title='bbox 670 3243 773 3312; x_wconf 89' lang='lat' dir='ltr'><strong>verbis</strong></span> <span class='ocrx_word' id='word_1_303' title='bbox 797 3243 932 3311; x_wconf 91' lang='lat' dir='ltr'><strong>eandem</strong></span> <span class='ocrx_word' id='word_1_304' title='bbox 954 3239 1082 3310; x_wconf 88' lang='lat' dir='ltr'><strong>laenam</strong></span> <span class='ocrx_word' id='word_1_305' title='bbox 1103 3242 1228 3312; x_wconf 89' lang='lat' dir='ltr'><strong>Iasonis</strong></span> <span class='ocrx_word' id='word_1_306' title='bbox 1252 3245 1474 3338; x_wconf 80' lang='lat' dir='ltr'><strong>designaverit.</strong></span> <span class='ocrx_word' id='word_1_307' title='bbox 1521 3241 1608 3317; x_wconf 88' lang='lat' dir='ltr'><strong>Nam</strong></span> <span class='ocrx_word' id='word_1_308' title='bbox 1633 3247 1671 3316; x_wconf 92' lang='lat' dir='ltr'><strong>de</strong></span> <span class='ocrx_word' id='word_1_309' title='bbox 1695 3247 1832 3318; x_wconf 86' lang='lat' dir='ltr'><strong>Medeae</strong></span> <span class='ocrx_word' id='word_1_310' title='bbox 1855 3251 1950 3322; x_wconf 82' lang='lat' dir='ltr'><strong>rehus</strong></span> 
     </span>
     <span class='ocr_line' id='line_1_29' title="bbox 198 3351 914 3459; baseline -0.008 -31"><span class='ocrx_word' id='word_1_311' title='bbox 198 3392 272 3442; x_wconf 63' lang='lat' dir='ltr'><strong>eam</strong></span> <span class='ocrx_word' id='word_1_312' title='bbox 295 3363 423 3446; x_wconf 73' lang='lat' dir='ltr'><strong>dixisse,</strong></span> <span class='ocrx_word' id='word_1_313' title='bbox 447 3372 581 3459; x_wconf 89' lang='lat' dir='ltr'><strong>apparet</strong></span> <span class='ocrx_word' id='word_1_314' title='bbox 602 3381 641 3428; x_wconf 80' lang='lat' dir='ltr'><strong>ex</strong></span> <span class='ocrx_word' id='word_1_315' title='bbox 662 3353 777 3450; x_wconf 75' lang='lat' dir='ltr'><strong>hagm</strong></span> <span class='ocrx_word' id='word_1_316' title='bbox 795 3351 914 3423; x_wconf 87' lang='lat' dir='ltr'><strong>CXXI.</strong></span> 
     </span>
    </p>
   </div>
   <div class='ocr_carea' id='block_1_10' title="bbox 199 3678 1967 4545">
    <p class='ocr_par' dir='ltr' id='par_1_11' title="bbox 199 3678 1952 4545">
     <span class='ocr_line' id='line_1_30' title="bbox 336 3678 1952 3822; baseline 0 -60"><span class='ocrx_word' id='word_1_317' title='bbox 336 3689 518 3762; x_wconf 83' lang='lat' dir='ltr'><strong>Scholiasta</strong></span> <span class='ocrx_word' id='word_1_318' title='bbox 539 3679 708 3780; x_wconf 87' lang='lat' dir='ltr'><strong>Apollonii</strong></span> <span class='ocrx_word' id='word_1_319' title='bbox 726 3678 847 3748; x_wconf 83' lang='lat' dir='ltr'><strong>Rhodii</strong></span> <span class='ocrx_word' id='word_1_320' title='bbox 869 3679 895 3765; x_wconf 90' lang='lat' dir='ltr'><strong>l,</strong></span> <span class='ocrx_word' id='word_1_321' title='bbox 914 3695 1008 3748; x_wconf 86' lang='grc'><strong>1133.</strong></span> <span class='ocrx_word' id='word_1_322' title='bbox 1052 3681 1208 3780; x_wconf 79' lang='grc' dir='ltr'><em>Χιράδες</em></span> <span class='ocrx_word' id='word_1_323' title='bbox 1231 3686 1392 3773; x_wconf 81' lang='grc' dir='ltr'><em>λίγονται</em></span> <span class='ocrx_word' id='word_1_324' title='bbox 1413 3715 1447 3754; x_wconf 91' lang='grc' dir='ltr'><strong>σι</strong></span> <span class='ocrx_word' id='word_1_325' title='bbox 1440 3687 1588 3778; x_wconf 80' lang='grc' dir='ltr'><em>μικροί</em></span> <span class='ocrx_word' id='word_1_326' title='bbox 1593 3687 1786 3822; x_wconf 33' lang='lat' dir='ltr'><strong>&#39;capot‘</strong></span> <span class='ocrx_word' id='word_1_327' title='bbox 1737 3716 1807 3758; x_wconf 82' lang='grc' dir='ltr'><em>τοσν</em></span> <span class='ocrx_word' id='word_1_328' title='bbox 1828 3697 1952 3774; x_wconf 79' lang='grc' dir='ltr'><em>λίθοιν,</em></span> 
     </span>
     <span class='ocr_line' id='line_1_31' title="bbox 199 3787 1951 3901; baseline 0.006 -38"><span class='ocrx_word' id='word_1_329' title='bbox 199 3807 247 3888; x_wconf 71' lang='grc' dir='ltr'><strong>ως</strong></span> <span class='ocrx_word' id='word_1_330' title='bbox 270 3831 351 3901; x_wconf 72' lang='grc' dir='ltr'><em>φησι</em></span> <span class='ocrx_word' id='word_1_331' title='bbox 373 3795 612 3894; x_wconf 72' lang='grc' dir='ltr'><em>Δημήτριος</em></span> <span class='ocrx_word' id='word_1_332' title='bbox 592 3823 612 3863; x_wconf 91' lang='grc' dir='ltr'><em>ο</em></span> <span class='ocrx_word' id='word_1_333' title='bbox 640 3790 814 3884; x_wconf 78' lang='grc' dir='ltr'><em>Σκήψιος,</em></span> <span class='ocrx_word' id='word_1_334' title='bbox 842 3789 934 3862; x_wconf 82' lang='grc' dir='ltr'><em>κατά</em></span> <span class='ocrx_word' id='word_1_335' title='bbox 956 3787 1020 3884; x_wconf 79' lang='grc' dir='ltr'><strong>τήν</strong></span> <span class='ocrx_word' id='word_1_336' title='bbox 1043 3790 1332 3870; x_wconf 77' lang='grc' dir='ltr'><em>Ἀπολλωνιατῶν</em></span> <span class='ocrx_word' id='word_1_337' title='bbox 1356 3793 1538 3865; x_wconf 80' lang='grc' dir='ltr'><em>διάλεκτον</em></span> <span class='ocrx_word' id='word_1_338' title='bbox 1562 3797 1630 3866; x_wconf 78' lang='grc' dir='ltr'><strong>τῶν</strong></span> <span class='ocrx_word' id='word_1_339' title='bbox 1652 3799 1691 3866; x_wconf 82' lang='grc' dir='ltr'><strong>ἐν</strong></span> <span class='ocrx_word' id='word_1_340' title='bbox 1712 3795 1853 3888; x_wconf 81' lang='grc' dir='ltr'><em>Πόντῳ.</em></span> <span class='ocrx_word' id='word_1_341' title='bbox 1885 3805 1951 3892; x_wconf 88' lang='grc' dir='ltr'><em>μί-</em></span> 
     </span>
     <span class='ocr_line' id='line_1_32' title="bbox 200 3898 1952 4010; baseline -0.001 -28"><span class='ocrx_word' id='word_1_342' title='bbox 200 3942 330 4010; x_wconf 82' lang='grc' dir='ltr'><em>μνηιαι</em></span> <span class='ocrx_word' id='word_1_343' title='bbox 352 3911 410 3980; x_wconf 76' lang='grc' dir='ltr'><strong>καί</strong></span> <span class='ocrx_word' id='word_1_344' title='bbox 432 3904 582 4004; x_wconf 75' lang='grc' dir='ltr'><em>Σαπφώ·</em></span> <span class='ocrx_word' id='word_1_345' title='bbox 613 3899 677 3994; x_wconf 76' lang='grc' dir='ltr'><strong>Μή</strong></span> <span class='ocrx_word' id='word_1_346' title='bbox 704 3925 789 3994; x_wconf 83' lang='grc' dir='ltr'><em>κενη</em></span> <span class='ocrx_word' id='word_1_347' title='bbox 817 3898 971 3997; x_wconf 80' lang='grc' dir='ltr'><em>γεράδος.</em></span> <span class='ocrx_word' id='word_1_348' title='bbox 1000 3907 1058 3972; x_wconf 88' lang='grc' dir='ltr'><strong>και</strong></span> <span class='ocrx_word' id='word_1_349' title='bbox 1074 3901 1254 3998; x_wconf 81' lang='grc' dir='ltr'><em>Όμηρος·</em></span> <span class='ocrx_word' id='word_1_350' title='bbox 1282 3901 1385 3982; x_wconf 78' lang='grc' dir='ltr'><em>Ἀλις</em></span> <span class='ocrx_word' id='word_1_351' title='bbox 1410 3902 1561 3999; x_wconf 80' lang='grc' dir='ltr'><em>γεράδος</em></span> <span class='ocrx_word' id='word_1_352' title='bbox 1583 3901 1778 4001; x_wconf 76' lang='grc' dir='ltr'><em>περιχεύας.</em></span> <span class='ocrx_word' id='word_1_353' title='bbox 1823 3909 1952 3981; x_wconf 85' lang='lat' dir='ltr'><strong>Eadem</strong></span> 
     </span>
     <span class='ocr_line' id='line_1_33' title="bbox 203 4010 1952 4134; baseline -0.001 -42"><span class='ocrx_word' id='word_1_354' title='bbox 203 4025 301 4096; x_wconf 89' lang='lat' dir='ltr'><strong>habet</strong></span> <span class='ocrx_word' id='word_1_355' title='bbox 322 4019 428 4109; x_wconf 87' lang='lat' dir='ltr'><strong>Etym.</strong></span> <span class='ocrx_word' id='word_1_356' title='bbox 445 4016 495 4084; x_wconf 88' lang='lat' dir='ltr'><strong>M.</strong></span> <span class='ocrx_word' id='word_1_357' title='bbox 517 4042 551 4108; x_wconf 92' lang='lat' dir='ltr'><strong>p.</strong></span> <span class='ocrx_word' id='word_1_358' title='bbox 567 4020 642 4096; x_wconf 91' lang='grc'><em>808,</em></span> <span class='ocrx_word' id='word_1_359' title='bbox 664 4020 723 4095; x_wconf 88' lang='grc'><strong>35,</strong></span> <span class='ocrx_word' id='word_1_360' title='bbox 755 4010 813 4078; x_wconf 89' lang='lat' dir='ltr'><strong>sed</strong></span> <span class='ocrx_word' id='word_1_361' title='bbox 834 4010 1025 4105; x_wconf 87' lang='lat' dir='ltr'><strong>praepositis</strong></span> <span class='ocrx_word' id='word_1_362' title='bbox 1048 4010 1170 4077; x_wconf 86' lang='lat' dir='ltr'><strong>verbis</strong></span> <span class='ocrx_word' id='word_1_363' title='bbox 1203 4010 1375 4134; x_wconf 76' lang='grc' dir='ltr'><em>Χεράδες,</em></span> <span class='ocrx_word' id='word_1_364' title='bbox 1406 4010 1452 4082; x_wconf 81' lang='grc' dir='ltr'><em>τά</em></span> <span class='ocrx_word' id='word_1_365' title='bbox 1479 4014 1753 4108; x_wconf 88' lang='grc' dir='ltr'><em>παραθαλάσσια</em></span> <span class='ocrx_word' id='word_1_366' title='bbox 1781 4015 1952 4110; x_wconf 84' lang='grc' dir='ltr'><em>σκύβαλα,</em></span> 
     </span>
     <span class='ocr_line' id='line_1_34' title="bbox 203 4119 1950 4229; baseline -0.001 -29"><span class='ocrx_word' id='word_1_367' title='bbox 203 4130 301 4229; x_wconf 71' lang='grc' dir='ltr'><em>παρά</em></span> <span class='ocrx_word' id='word_1_368' title='bbox 328 4158 367 4198; x_wconf 81' lang='grc' dir='ltr'><strong>ιο</strong></span> <span class='ocrx_word' id='word_1_369' title='bbox 358 4125 539 4218; x_wconf 81' lang='grc' dir='ltr'><em>χιισθαι</em></span> <span class='ocrx_word' id='word_1_370' title='bbox 561 4127 708 4212; x_wconf 80' lang='grc' dir='ltr'><em>ῥᾳδίας,</em></span> <span class='ocrx_word' id='word_1_371' title='bbox 743 4135 775 4189; x_wconf 90' lang='lat' dir='ltr'><strong>et</strong></span> <span class='ocrx_word' id='word_1_372' title='bbox 798 4119 915 4186; x_wconf 89' lang='lat' dir='ltr'><strong>omisso</strong></span> <span class='ocrx_word' id='word_1_373' title='bbox 934 4120 1009 4189; x_wconf 55' lang='lat' dir='ltr'><strong>‘loco</strong></span> <span class='ocrx_word' id='word_1_374' title='bbox 1033 4119 1220 4204; x_wconf 85' lang='lat' dir='ltr'><strong>Homerico,</strong></span> <span class='ocrx_word' id='word_1_375' title='bbox 1250 4121 1304 4213; x_wconf 91' lang='lat' dir='ltr'><strong>qui</strong></span> <span class='ocrx_word' id='word_1_376' title='bbox 1327 4137 1376 4188; x_wconf 91' lang='lat' dir='ltr'><strong>est</strong></span> <span class='ocrx_word' id='word_1_377' title='bbox 1396 4121 1487 4190; x_wconf 88' lang='lat' dir='ltr'><strong>lhad.</strong></span> <span class='ocrx_word' id='word_1_378' title='bbox 1502 4151 1538 4221; x_wconf 88' lang='grc' dir='ltr'><strong>φ.</strong></span> <span class='ocrx_word' id='word_1_379' title='bbox 1555 4137 1633 4206; x_wconf 78' lang='lat'><strong>³¹93</strong></span> <span class='ocrx_word' id='word_1_380' title='bbox 1667 4124 1740 4220; x_wconf 91' lang='lat' dir='ltr'><strong>ipsa</strong></span> <span class='ocrx_word' id='word_1_381' title='bbox 1764 4127 1950 4224; x_wconf 87' lang='lat' dir='ltr'><strong>Sapphonis</strong></span> 
     </span>
     <span class='ocr_line' id='line_1_35' title="bbox 202 4225 1951 4330; baseline -0.002 -18"><span class='ocrx_word' id='word_1_382' title='bbox 202 4243 300 4313; x_wconf 89' lang='lat' dir='ltr'><strong>verba</strong></span> <span class='ocrx_word' id='word_1_383' title='bbox 322 4227 486 4306; x_wconf 81' lang='lat' dir='ltr'><strong>emendate</strong></span> <span class='ocrx_word' id='word_1_384' title='bbox 511 4232 557 4299; x_wconf 87' lang='lat' dir='ltr'><strong>sic</strong></span> <span class='ocrx_word' id='word_1_385' title='bbox 578 4232 622 4302; x_wconf 90' lang='lat' dir='ltr'><strong>ihi</strong></span> <span class='ocrx_word' id='word_1_386' title='bbox 645 4230 836 4299; x_wconf 83' lang='lat' dir='ltr'><strong>scribuntur:</strong></span> <span class='ocrx_word' id='word_1_387' title='bbox 872 4225 934 4326; x_wconf 72' lang='grc' dir='ltr'><strong>Μή</strong></span> <span class='ocrx_word' id='word_1_388' title='bbox 953 4235 1040 4300; x_wconf 83' lang='grc' dir='ltr'><em>κίνει</em></span> <span class='ocrx_word' id='word_1_389' title='bbox 1062 4226 1222 4324; x_wconf 75' lang='grc' dir='ltr'><em>γεράδας.</em></span> <span class='ocrx_word' id='word_1_390' title='bbox 1267 4230 1353 4298; x_wconf 83' lang='lat' dir='ltr'><strong>Noli</strong></span> <span class='ocrx_word' id='word_1_391' title='bbox 1376 4232 1492 4300; x_wconf 80' lang='lat' dir='ltr'><strong>limum</strong></span> <span class='ocrx_word' id='word_1_392' title='bbox 1515 4243 1680 4325; x_wconf 68' lang='lat' dir='ltr'><strong>tongera..</strong></span> <span class='ocrx_word' id='word_1_393' title='bbox 1706 4234 1769 4304; x_wconf 87' lang='lat' dir='ltr'><strong>Vis</strong></span> <span class='ocrx_word' id='word_1_394' title='bbox 1792 4240 1951 4330; x_wconf 87' lang='lat' dir='ltr'><strong>proverbii</strong></span> 
     </span>
     <span class='ocr_line' id='line_1_36' title="bbox 202 4335 1951 4437; baseline -0.003 -14"><span class='ocrx_word' id='word_1_395' title='bbox 202 4354 315 4424; x_wconf 88' lang='lat' dir='ltr'><strong>eadem</strong></span> <span class='ocrx_word' id='word_1_396' title='bbox 338 4361 405 4430; x_wconf 60' lang='lat' dir='ltr'><strong>est,</strong></span> <span class='ocrx_word' id='word_1_397' title='bbox 421 4366 501 4436; x_wconf 91' lang='lat' dir='ltr'><strong>quae</strong></span> <span class='ocrx_word' id='word_1_398' title='bbox 524 4339 688 4409; x_wconf 87' lang='lat' dir='ltr'><strong>locutionis</strong></span> <span class='ocrx_word' id='word_1_399' title='bbox 712 4338 902 4423; x_wconf 87' lang='lat' dir='ltr'><strong>Atticorum,</strong></span> <span class='ocrx_word' id='word_1_400' title='bbox 923 4336 975 4431; x_wconf 77' lang='grc' dir='ltr'><strong>μη</strong></span> <span class='ocrx_word' id='word_1_401' title='bbox 997 4344 1084 4410; x_wconf 81' lang='grc' dir='ltr'><em>κίνει</em></span> <span class='ocrx_word' id='word_1_402' title='bbox 1105 4335 1218 4410; x_wconf 82' lang='grc' dir='ltr'><em>κακάν</em></span> <span class='ocrx_word' id='word_1_403' title='bbox 1236 4337 1278 4412; x_wconf 79' lang='lat' dir='ltr'><strong>ed</strong></span> <span class='ocrx_word' id='word_1_404' title='bbox 1300 4344 1470 4430; x_wconf 81' lang='grc' dir='ltr'><em>κείμενον,</em></span> <span class='ocrx_word' id='word_1_405' title='bbox 1494 4342 1532 4410; x_wconf 93' lang='lat' dir='ltr'><strong>de</strong></span> <span class='ocrx_word' id='word_1_406' title='bbox 1556 4366 1620 4436; x_wconf 84' lang='lat' dir='ltr'><strong>qua</strong></span> <span class='ocrx_word' id='word_1_407' title='bbox 1641 4360 1716 4437; x_wconf 88' lang='lat' dir='ltr'><strong>post</strong></span> <span class='ocrx_word' id='word_1_408' title='bbox 1739 4344 1848 4415; x_wconf 86' lang='lat' dir='ltr'><strong>Schol.</strong></span> <span class='ocrx_word' id='word_1_409' title='bbox 1863 4346 1951 4418; x_wconf 80' lang='lat' dir='ltr'><strong>Ptat.</strong></span> 
     </span>
     <span class='ocr_line' id='line_1_37' title="bbox 202 4447 1967 4545; baseline 0 -17"><span class='ocrx_word' id='word_1_410' title='bbox 202 4464 241 4540; x_wconf 79' lang='lat' dir='ltr'><strong>in</strong></span> <span class='ocrx_word' id='word_1_411' title='bbox 250 4457 389 4540; x_wconf 70' lang='lat' dir='ltr'><strong>Phileh„</strong></span> <span class='ocrx_word' id='word_1_412' title='bbox 414 4451 556 4534; x_wconf 81' lang='lat' dir='ltr'><strong>Suidam,</strong></span> <span class='ocrx_word' id='word_1_413' title='bbox 579 4448 862 4540; x_wconf 74' lang='lat' dir='ltr'><strong>Diogenianumo,</strong></span> <span class='ocrx_word' id='word_1_414' title='bbox 879 4459 930 4526; x_wconf 73' lang='lat' dir='ltr'><strong>bt.</strong></span> <span class='ocrx_word' id='word_1_415' title='bbox 954 4447 1104 4543; x_wconf 86' lang='lat' dir='ltr'><strong>Appeud.</strong></span> <span class='ocrx_word' id='word_1_416' title='bbox 1120 4449 1264 4518; x_wconf 71' lang='lat' dir='ltr'><strong>Vatica</strong></span> <span class='ocrx_word' id='word_1_417' title='bbox 1245 4465 1345 4535; x_wconf 89' lang='grc'><strong>3,79.</strong></span> <span class='ocrx_word' id='word_1_418' title='bbox 1369 4449 1572 4545; x_wconf 88' lang='lat' dir='ltr'><strong>Apostolium</strong></span> <span class='ocrx_word' id='word_1_419' title='bbox 1587 4451 1706 4522; x_wconf 77' lang='grc' dir='ltr'><em>Ριοιι.</em></span> <span class='ocrx_word' id='word_1_420' title='bbox 1727 4469 1777 4538; x_wconf 90' lang='grc'><strong>13,</strong></span> <span class='ocrx_word' id='word_1_421' title='bbox 1793 4467 1844 4536; x_wconf 83' lang='lat'><strong>95.</strong></span> <span class='ocrx_word' id='word_1_422' title='bbox 1874 4459 1967 4529; x_wconf 82' lang='lat' dir='ltr'><strong>dixit</strong></span> 
     </span>
    </p>
   </div>
   <div class='ocr_carea' id='block_1_11' title="bbox 203 4556 1993 4796">
    <p class='ocr_par' dir='ltr' id='par_1_12' title="bbox 203 4556 1993 4773">
     <span class='ocr_line' id='line_1_38' title="bbox 204 4556 1993 4681; baseline -0.004 -42"><span class='ocrx_word' id='word_1_423' title='bbox 204 4563 480 4654; x_wconf 86' lang='lat' dir='ltr'><strong>ErasmusAdag.</strong></span> <span class='ocrx_word' id='word_1_424' title='bbox 504 4585 536 4652; x_wconf 91' lang='lat' dir='ltr'><strong>p.</strong></span> <span class='ocrx_word' id='word_1_425' title='bbox 528 4575 606 4641; x_wconf 35' lang='lat' dir='ltr'><strong>wau</strong></span> <span class='ocrx_word' id='word_1_426' title='bbox 628 4556 711 4625; x_wconf 91' lang='lat' dir='ltr'><strong>unde</strong></span> <span class='ocrx_word' id='word_1_427' title='bbox 729 4557 936 4681; x_wconf 86' lang='lat' dir='ltr'><strong>Sophocles</strong></span> <span class='ocrx_word' id='word_1_428' title='bbox 924 4560 1010 4629; x_wconf 92' lang='lat' dir='ltr'><strong>Oed.</strong></span> <span class='ocrx_word' id='word_1_429' title='bbox 1028 4559 1100 4628; x_wconf 87' lang='lat' dir='ltr'><strong>Cot.</strong></span> <span class='ocrx_word' id='word_1_430' title='bbox 1118 4571 1226 4628; x_wconf 89' lang='grc'><strong>510.</strong></span> <span class='ocrx_word' id='word_1_431' title='bbox 1216 4567 1329 4631; x_wconf 85' lang='grc' dir='ltr'><em>εινον</em></span> <span class='ocrx_word' id='word_1_432' title='bbox 1341 4559 1409 4650; x_wconf 75' lang='grc' dir='ltr'><em>μίν</em></span> <span class='ocrx_word' id='word_1_433' title='bbox 1431 4591 1471 4632; x_wconf 83' lang='grc' dir='ltr'><strong>ιο</strong></span> <span class='ocrx_word' id='word_1_434' title='bbox 1463 4560 1596 4634; x_wconf 90' lang='grc' dir='ltr'><em>παλαι</em></span> <span class='ocrx_word' id='word_1_435' title='bbox 1618 4570 1775 4652; x_wconf 77' lang='grc' dir='ltr'><em>κείμενον</em></span> <span class='ocrx_word' id='word_1_436' title='bbox 1796 4566 1861 4664; x_wconf 92' lang='grc' dir='ltr'><strong>ηδη</strong></span> <span class='ocrx_word' id='word_1_437' title='bbox 1884 4597 1951 4639; x_wconf 82' lang='grc' dir='ltr'><strong>κα-</strong></span> <span class='ocrx_word' id='word_1_438' title='bbox 1974 4583 1993 4632; x_wconf 73' lang='grc' dir='ltr'><strong>ι</strong></span> 
     </span>
     <span class='ocr_line' id='line_1_39' title="bbox 203 4666 1950 4796; baseline 0.002 -53"><span class='ocrx_word' id='word_1_439' title='bbox 203 4675 267 4754; x_wconf 74' lang='grc' dir='ltr'><strong>κόν</strong></span> <span class='ocrx_word' id='word_1_440' title='bbox 289 4678 486 4773; x_wconf 74' lang='grc' dir='ltr'><em>ἐπιγιίρειν.</em></span> <span class='ocrx_word' id='word_1_441' title='bbox 532 4667 694 4742; x_wconf 78' lang='lat' dir='ltr'><strong>similiora</strong></span> <span class='ocrx_word' id='word_1_442' title='bbox 716 4666 818 4740; x_wconf 85' lang='lat' dir='ltr'><strong>nostri</strong></span> <span class='ocrx_word' id='word_1_443' title='bbox 840 4684 913 4736; x_wconf 87' lang='lat' dir='ltr'><strong>sunt</strong></span> <span class='ocrx_word' id='word_1_444' title='bbox 934 4667 1021 4754; x_wconf 80' lang='lat' dir='ltr'><strong>haec,</strong></span> <span class='ocrx_word' id='word_1_445' title='bbox 1042 4699 1091 4767; x_wconf 94' lang='grc' dir='ltr'><strong>μη</strong></span> <span class='ocrx_word' id='word_1_446' title='bbox 1113 4667 1246 4768; x_wconf 88' lang='grc' dir='ltr'><em>κάρφος</em></span> <span class='ocrx_word' id='word_1_447' title='bbox 1267 4677 1363 4758; x_wconf 77' lang='grc' dir='ltr'><em>κίνει,</em></span> <span class='ocrx_word' id='word_1_448' title='bbox 1387 4670 1490 4738; x_wconf 89' lang='lat' dir='ltr'><strong>minus</strong></span> <span class='ocrx_word' id='word_1_449' title='bbox 1513 4687 1597 4740; x_wconf 90' lang='lat' dir='ltr'><strong>recte</strong></span> <span class='ocrx_word' id='word_1_450' title='bbox 1620 4671 1809 4796; x_wconf 78' lang='lat' dir='ltr'><strong>explicatum</strong></span> <span class='ocrx_word' id='word_1_451' title='bbox 1832 4676 1950 4746; x_wconf 89' lang='lat' dir='ltr'><strong>aDio·</strong></span> 
     </span>
    </p>
   </div>
   <div class='ocr_carea' id='block_1_12' title="bbox 0 0 2151 5290">
    <p class='ocr_par' dir='ltr' id='par_1_13' title="bbox 0 0 2151 5290">
     <span class='ocr_line' id='line_1_40' title="bbox 0 0 2151 5290; baseline 0 0"><span class='ocrx_word' id='word_1_452' title='bbox 0 0 2151 5290; x_wconf 95' lang='lat' dir='ltr'><strong> </strong></span> 
     </span>
    </p>
   </div>
  </div>
 </body>
</html>
