4242 5300
1012 225 1069 334 tt

164 457 279 551 fragm.
300 456 397 543 LVI,
430 455 516 550 qnod
545 481 618 522 cnm
645 452 887 549 Hephaestione
915 453 973 520 suh
1003 452 1131 521 nomine
1154 449 1309 520 Praxillei
1334 450 1503 549 Sapphoni
1532 453 1566 522 in
1593 479 1652 523 usu
1680 453 1778 528 fuisse
1805 475 1915 532 narrat
1943 473 1945 478 '

164 559 292 636 'I'ricba
315 595 349 663 p.
367 582 420 643 ab.
438 578 491 633 50.
529 563 701 632 Postremo
725 563 904 658 tetrapodia
927 562 1042 655 fragm.
1058 561 1167 631 LVII.

298 676 521 771 Compositum
545 701 583 743 ex
606 673 737 768 dipodia
760 671 898 741 iambica
921 689 953 740 et
975 672 1084 740 lonico
1109 695 1129 738 a
1150 671 1266 743 minori
1290 673 1423 741 dimetro
1447 669 1687 770 α’νακλιομένφ
1709 695 1844 748 metrum
1867 698 1917 750 est

160 787 278 882 fragm.
293 786 416 855 LVIII.
458 783 604 854 Similem
627 807 770 867 versum,
798 782 857 850 sed
875 781 1027 851 trochaeo
1045 780 1240 868 breviorem,
1264 781 1421 874 significat
1440 783 1528 851 Mar.
1544 784 1669 856 Victor.
1692 817 1725 884 p.
1742 801 1840 858 2552.
1878 793 1922 861 Si

161 921 210 968 cx
234 897 366 965 duobus
388 894 559 977 iambicis,
584 917 673 986 quae
695 892 936 992 αενθημιμερῆ
961 901 1135 975 vocantur,
1166 915 1280 960 versus
1305 917 1392 960 unus
1407 895 1599 985 formetur,
1618 899 1688 990 fiet
1707 899 1919 990 Sappbicum

162 1006 375 1074 huiusmodi:
401 1005 501 1072 llleat
519 1026 588 1093 per
612 1026 742 1094 aequor
763 1001 865 1069 Ionia
883 1003 1011 1092 proles.
1042 1000 1119 1097 Ipsa
1142 1001 1227 1070 euim
1251 1002 1352 1070 Marii
1375 1002 1543 1098 explicatio
1567 1006 1627 1074 nio
1649 1033 1709 1102 pro
1732 1033 1797 1076 una
1820 1009 1917 1104 sylla-

162 1117 206 1187 ba
229 1115 339 1185 baberi
362 1114 457 1184 iubet.
487 1113 525 1181 In
548 1129 650 1182 metro
673 1110 822 1206 fragmm.
837 1109 926 1178 LIX.
941 1110 1015 1196 LX,
1039 1113 1125 1207 quod
1148 1135 1168 1178 a
1194 1111 1319 1180 nemine
1344 1113 1459 1181 diserte
1482 1132 1684 1202 memoratur,
1707 1117 1846 1186 iunctum
1870 1137 1919 1191 est

162 1225 427 1322 penthemimeres
452 1223 622 1292 iambicum
647 1249 718 1291 cum
738 1221 878 1290 Adonin.
909 1221 994 1290 Huic
1018 1221 1130 1290 similis
1157 1215 1207 1291 est
1229 1246 1338 1290 versus
1362 1222 1521 1307 Alcaicus,
1549 1225 1635 1294 cuius
1659 1227 1837 1324 exemplum
1861 1230 1918 1299 du·

162 1337 249 1405 bium
272 1352 321 1405 est
342 1334 458 1427 fragm.
480 1332 584 1417 LXII,
609 1349 728 1402 certum
747 1331 836 1400 LXI.
884 1330 1012 1423 Integra
1036 1329 1169 1427 stropha
1192 1329 1322 1408 Alcaico
1344 1332 1390 1402 ihi
1413 1331 1540 1427 legitur,
1569 1360 1632 1429 qno
1655 1353 1757 1406 metro
1782 1339 1917 1435 Sappho

161 1447 272 1532 utitur,
305 1446 378 1540 quia
407 1445 521 1513 eodem
551 1443 591 1511 ab
616 1440 736 1511 Alcaeo
766 1439 957 1537 compellata
981 1456 1059 1508 erat.
1113 1439 1498 1537 Duplex'Pberccratcus
1529 1461 1580 1512 est
1605 1444 1720 1539 fragm.
1743 1446 1852 1534 LXV,
1888 1450 1916 1519 si

163 1580 293 1624 manum
317 1555 453 1624 auctoris
479 1551 615 1622 assecuti
639 1576 767 1634 snmus;
801 1549 918 1646 duplex
941 1549 1145 1643 lugaoedicus
1170 1577 1187 1619 e
1212 1549 1338 1644 dactylo
1368 1567 1400 1620 et
1423 1552 1555 1647 dipodia
1579 1555 1741 1624 trochaica
1769 1556 1918 1653 fragmm.

163 1665 282 1734 LXIII.
306 1662 422 1733 LXIV
423 1683 450 1731 .'

298 1773 442 1846 Versum
462 1771 622 1840 heroicum
642 1770 761 1839 babent
783 1785 931 1863 quattuor
949 1767 1000 1837 vel
1016 1768 1153 1863 quinque
1174 1766 1362 1862 fragmenta,
1383 1771 1457 1840 inde
1478 1772 1636 1842 aLXVl.
1666 1775 1797 1870 Fragm.
1812 1777 1918 1866 LXX,

166 1885 195 1956 t'i
218 1885 357 1979 genuina
381 1899 430 1952 est
453 1881 556 1965 lectio,
581 1879 763 1974 hexametro
780 1877 961 1974 Sapphicos
985 1876 1266 1971 ἐννεαούλλαβος
1289 1879 1384 1972 epodi
1408 1879 1481 1949 loco
1506 1884 1676 1953 subiicitur.
1706 1887 1744 1953 ln
1766 1889 1919 1982 proximis

165 1997 302 2090 quinque
326 1991 512 2088 tfagmentis
538 1989 684 2084 dactylici
707 1989 904 2084 reperitmtur
927 1989 1034 2056 variae
1058 1985 1192 2071 formae,
1215 2003 1413 2082 pentameter
1435 1989 1576 2075 LXXV,
1600 1998 1773 2063 tetrametri
1796 1995 1918 2066 LXXI.

100 2101 104 2106 ¹
164 2122 197 2174 et
219 2103 375 2186 LXXIV,
400 2102 427 2169 sl
452 2101 548 2168 modo
574 2101 671 2168 verba
696 2098 765 2167 aliis
792 2099 830 2166 de
856 2098 977 2166 caussis
1003 2120 1023 2163 a
1049 2096 1255 2190 scriptoribus
1281 2113 1406 2165 servata
1431 2124 1521 2166 suum
1547 2125 1688 2196 quaeque
1713 2131 1839 2174 versum
1864 2135 1917 2176 ex-

164 2214 306 2312 plebant.
351 2211 403 2279 De
426 2226 527 2278 metro
551 2209 667 2302 fragm.
688 2206 832 2292 LXXII,
858 2208 942 2301 quud
967 2222 1017 2275 est
1040 2204 1228 2308 dactylicum
1251 2207 1516 2301 penthemimeres
1542 2235 1613 2278 cum
1637 2215 1796 2300 anacrusi,
1827 2217 1917 2286 dubi-

166 2341 232 2394 tare
252 2347 312 2391 nos
332 2345 398 2390 non
416 2320 536 2415 patitur
555 2317 805 2420 Hephaestionis
826 2316 1009 2384 auctoritas.
1045 2314 1073 2382 F
1074 2338 1175 2409 ragm.
1191 2313 1344 2382 LXXIII.
1364 2343 1473 2386 versus
1493 2319 1630 2414 primus,
1655 2322 1795 2392 detracto
1818 2324 1919 2421 ephy-

167 2435 264 2519 mnio,
288 2431 530 2514 Pherecrateus,
555 2428 651 2496 ceteri
670 2425 816 2520 dactylici
835 2426 967 2496 trimetri
982 2423 1166 2510 catalectici,
1187 2450 1269 2492 unus
1291 2452 1361 2494 cum
1381 2427 1462 2514 basi,
1485 2429 1547 2497 duo
1563 2456 1633 2499 cum
1650 2434 1804 2501 anacrusi.
1835 2434 1919 2503 Por·

163 2569 201 2613 ro
223 2543 349 2611 Plotius
373 2568 407 2636 p.
424 2539 520 2616 2640.
548 2537 799 2633 Hymenaicmn
820 2536 1000 2604 dimetrum
1019 2535 1228 2629 dactylicum
1247 2535 1459 2626 Sapphicum
1480 2541 1838 2611 monoschemutistum
1857 2556 1919 2631 est,

164 2677 300 2743 semper
320 2651 409 2720 cuim
429 2650 561 2717 duobus
583 2648 727 2741 dactylis
751 2657 905 2714 constat.-
931 2642 1086 2740 Μήνιον,
1114 2642 1177 2716 τόν
1199 2642 1437 2718 Καλυδώνιον.
1474 2647 1560 2716 Inde
1579 2659 1650 2718 toro
1666 2663 1793 2742 pam,-
1823 2677 1920 2723 mens
2008 2713 2017 2724 .

163 2764 235 2834 sibi
252 2761 403 2831 conscia.
448 2756 585 2858 Μήνιον
612 2757 773 2826 residuum
797 2782 835 2825 ex
857 2755 981 2848 integro
1006 2779 1100 2823 versu
1127 2754 1250 2822 videtur
1272 2753 1345 2839 tali,
1372 2755 1487 2844 ‘Ypir'
1508 2757 1694 2858 ‘Tpp'vaoa,
1724 2761 1826 2855 qualis
1851 2763 1918 2833 for.

164 2891 251 2943 tasse
275 2869 435 2968 epbymnii
457 2867 538 2936 loco
551 2866 818 2961 interponebatur.
866 2863 1027 2936 Credibile
1051 2879 1102 2932 est
1124 2863 1218 2947 euim,
1241 2861 1385 2954 Plotium
1408 2867 1494 2959 apud
1518 2893 1590 2936 eum
1613 2869 1810 2966 scriptorem,
1833 2874 1917 2944 unde
1962 2959 1964 2962 Ι

164 2983 244 3052 baec
264 2997 422 3050 muniatus
443 2995 500 3064 est,
524 3004 619 3046 unum
640 2976 756 3064 saltem
775 2973 956 3070 exemplum
978 2973 1043 3042 veri
1059 2972 1251 3066 Hymenaici
1268 2973 1442 3068 reperisse,
1467 2975 1599 3045 alterum
1624 2996 1728 3048 autem
1745 2980 1915 3071 Graecum,

163 3090 227 3166 τόν
250 3087 489 3176 Καλυδώνιον,
517 3087 638 3184 pariter
660 3087 702 3154 ob
727 3084 830 3153 solam
853 3082 1047 3178 syllabarum
1070 3107 1252 3152 mensuram
1275 3101 1436 3180 arreptum
1460 3085 1595 3172 videtur,
1624 3111 1662 3157 ac
1685 3089 1815 3178 Latina,
1839 3118 1859 3161 a
1881 3120 1917 3164 re

165 3227 296 3301 prorsus
322 3201 441 3284 aliena,
470 3199 637 3292 desumpta
661 3211 734 3264 sunt
758 3221 795 3263 ex
817 3193 958 3287 Virgilio
982 3193 1065 3261 Aen.
1088 3193 1135 3278 11,
1152 3208 1182 3260 a.
1206 3192 1236 3278 Ι,
1253 3193 1328 3271 όοιι.
1375 3195 1525 3265 Ceterum
1547 3213 1581 3265 ut
1603 3197 1746 3293 plerique
1770 3200 1918 3272 solebant

165 3313 341 3384 acclamare
364 3305 474 3408 ’Υμήν
496 3303 524 3376 ὦ
545 3308 719 3396 Ὑμέναιε,
741 3305 787 3374 ita
810 3302 928 3373 Aeoles
953 3327 1011 3370 suo
1034 3300 1219 3402 ’Υμὴναον,
1243 3304 1329 3398 quod
1352 3303 1487 3399 Sappho
1511 3305 1607 3374 offert
1627 3306 1743 3402 fragm.
1763 3309 1916 3397 LXXIII,

163 3449 230 3494 non
262 3437 410 3519 poterant
438 3418 535 3487 alium
566 3416 693 3485 alterius
723 3415 861 3484 nominis
897 3438 1005 3483 casum
1034 3437 1245 3508 praeponere.
1289 3412 1342 3481 Ex
1370 3439 1485 3508 genere
1514 3415 1673 3486 trochaico
1702 3435 1828 3512 praeter
1856 3421 1913 3488 du·
1979 3503 1985 3510 ,

164 3532 317 3631 plicatum
339 3527 601 3624 lthyphallicum,
630 3550 725 3620 quem
750 3525 778 3594 ei
799 3523 999 3620 Hephaestio
1021 3523 1152 3608 asserit,
1184 3547 1243 3619 pro
1265 3522 1411 3618 exemplo
1433 3542 1591 3594 annutans
1611 3525 1727 3619 fragm.
1743 3527 1915 3617 LXXVII,

165 3642 332 3738 copulasse
362 3641 486 3708 videtur
515 3638 581 3707 sive
611 3637 777 3704 dimetrum
806 3634 872 3702 sive
902 3632 1113 3728 tetrapodiam
1143 3634 1324 3702 continuam
1354 3659 1425 3702 com
1451 3633 1675 3729 lthyphallico,
1707 3637 1735 3704 si
1761 3655 1846 3708 recte
1875 3641 1915 3710 dc

163 3752 280 3848 fragm.
299 3749 456 3818 LXXVI.
485 3745 702 3816 iudicavimus.
747 3743 822 3812 Hoc
849 3770 867 3812 e
897 3760 997 3820 metro
1026 3741 1113 3810 facta
1140 3761 1314 3836 systemata
1341 3744 1446 3812 claudi
1475 3759 1625 3838 poteraut¹
1648 3743 1705 3812 illo
1734 3772 1842 3835 versu,
1874 3751 1915 3820 de

165 3887 228 3960 quo
249 3859 379 3932 Servius
402 3857 538 3928 Centim.
563 3885 596 3952 p.
615 3863 710 3937 1619.
746 3853 958 3945 Sappbicum
980 3863 1118 3921 constat
1139 3853 1310 3922 trochaico
1332 3855 1478 3952 tripertio
1499 3853 1784 3946 hypercatalectu,
1809 3869 1918 3930 otest

164 3977 247 4044 doc.-
268 3967 433 4062 Splendet
456 3991 589 4050 aurum,
612 3989 747 4057 gemma
754 3963 882 4057 fulget,
893 3963 1023 4057 forma
1042 3964 1108 4032 sed
1119 3964 1248 4055 placet.
1292 3963 1421 4046 lambos
1446 3985 1517 4030 eam
1540 3960 1664 4055 hymnis
1689 3967 1848 4061 aptavisse
1872 3969 1915 4038 si·

165 4083 294 4178 gnificat
313 4077 450 4146 lulianus
471 4075 576 4170 Epist.
593 4088 646 4158 30,
670 4074 745 4142 dum
766 4072 915 4168 Alypium
938 4072 1057 4158 laudat,
1081 4074 1167 4167 qnod
1189 4073 1314 4141 iambos
1338 4071 1456 4156 fecerit,
1479 4095 1544 4138 uon
1560 4073 1670 4166 quihus
1691 4075 1837 4172 Bupalus
1861 4105 1914 4170 ep-

165 4194 309 4288 agitetur,
331 4188 399 4260 a'tt
428 4192 521 4264 οἵους
543 4185 564 4283 ἡ
583 4182 673 4282 καλή
695 4181 824 4282 Σαπφώ
843 4182 1010 4276 βούλεται
1031 4191 1104 4263 τοῖς
1122 4181 1244 4272 ὕμνοις
1262 4178 1455 4278 ἁρμόττειν.
1483 4184 1528 4251 Et
1542 4182 1707 4270 Horatius,
1731 4187 1816 4279 quod
1834 4187 1913 4256 iam·

164 4305 225 4374 bos
249 4299 345 4369 Latio
369 4295 555 4380 ostenderit,
584 4293 752 4387 lyricorum
777 4295 976 4362 Graecorum
999 4294 1144 4388 exemplo
1169 4316 1203 4360 se
1227 4292 1341 4360 fecisse
1367 4290 1509 4360 defendit
1530 4292 1635 4388 Epist.
1655 4294 1686 4379 l,
1707 4310 1756 4380 19,
1780 4303 1832 4363 28.
1861 4295 1911 4365 his

165 4411 288 4482 verbis:
315 4410 495 4499 Temperat
514 4403 709 4473 Archilochi
724 4405 865 4471 Musam
885 4403 975 4492 pede
994 4403 1154 4470 mascula
1172 4402 1334 4493 Sappho,
1362 4402 1542 4491 Temperat
1558 4404 1719 4471 Alcaeus.
1767 4403 1912 4492 Quorum

165 4523 255 4593 unice
278 4542 354 4589 vera
377 4534 427 4586 est
453 4512 669 4610 interpretatio
694 4511 832 4580 Bentleii
855 4510 952 4594 baec,
982 4527 1017 4578 ut
1040 4508 1225 4579 Archilochi
1252 4535 1310 4606 pes
1334 4510 1458 4579 iambus
1487 4511 1614 4580 illorum
1636 4511 1726 4607 poesi
1755 4513 1910 4584 admixtus
1991 4521 1995 4530 “

166 4635 305 4704 dicatur:
337 4627 420 4696 hanc
444 4627 528 4696 enirn
553 4639 739 4693 structuram
762 4621 892 4714 genitivi
915 4635 1050 4688 metmm
1072 4619 1228 4715 postulat,
1261 4622 1347 4716 quod
1370 4623 1403 4690 in
1428 4623 1518 4690 tertia
1543 4623 1607 4691 arsi
1630 4645 1793 4689 caesuram
1817 4625 1912 4696 statui

164 4743 266 4828 iubet,
296 4741 329 4810 in
353 4754 466 4833 quarta
491 4758 559 4805 non
581 4735 656 4804 item
683 4733 725 4802 ob
754 4731 967 4828 tetrapodiam
990 4728 1168 4800 bucolicam
1191 4755 1303 4800 vocem
1326 4729 1460 4800 inhiberi
1481 4731 1616 4827 patitur,
1652 4728 1735 4799 hanc
1758 4735 1913 4832 praecipit

1538 4852 1594 4922 [3]
