4242 5300
1009 317 1161 434 ¹dO

353 527 359 534 ⁸
385 533 556 604 Postrema
578 531 623 600 sic
645 528 765 624 primus
788 525 953 597 Belrlrems
976 530 1130 623 prodidit,
1153 551 1229 599 nam
1250 533 1284 598 in
1306 529 1349 597 ls.
1371 527 1487 598 Vossii
1510 528 1678 625 Excerptis
1702 557 1734 624 p.
1751 533 1825 609 2426.
1851 534 1999 630 scriptum

252 661 321 716 erat
342 642 578 732 κ’ᾰπσλιίψσσ,
606 640 727 708 omisso
750 638 937 734 pronomine
965 669 1034 728 τοι,
1064 657 1260 735 quapropter
1280 638 1425 708 Reitzius
1452 641 1516 737 legi
1539 641 1681 710 voluerat
1702 639 1730 712 ι’
1743 641 1937 736 ἀπολείψω,
1965 665 2000 716 ut

252 753 478 850 aliquomodo
502 751 680 844 exemplrun
701 750 830 842 regulae
853 751 1156 820 accmnmoduretur.
1193 749 1241 818 Ut
1258 775 1341 818 nunc
1364 749 1406 818 ad
1422 749 1517 818 fidem
1534 751 1652 819 codicis
1676 753 1844 822 emendata
1866 772 1999 840 suntet

251 865 343 936 metri
366 861 519 956 Sapphici
550 861 788 955 speciemprae
811 858 989 943 scierunt,
1020 876 1052 928 et
1080 859 1212 931 verbum
1241 859 1304 927 tale
1327 857 1490 964 exhibent,
1522 860 1610 954 quod
1639 887 1711 930 cum
1738 860 1867 932 alterius
1891 891 1997 934 versus

250 969 374 1045 actione
397 987 566 1064 congruat,
607 971 660 1064 qui
682 987 840 1064 utcunque
864 986 1035 1063 conriptus
1059 985 1125 1054 est,
1161 970 1207 1037 rei
1231 993 1339 1038 sacrae
1362 969 1560 1037 notationem
1580 971 1695 1039 retinet
1717 973 1750 1040 in
1774 973 1865 1042 albae
1888 1001 1998 1068 caprae

249 1083 414 1154 vocabulo.
462 1081 626 1170 Quoniam
656 1082 752 1174 igitur
783 1081 920 1147 auctoris
949 1105 1066 1148 nomeu
1092 1075 1214 1149 nullutn
1241 1078 1447 1164 adscribitur,
1482 1081 1644 1172 proximus
1674 1107 1783 1151 versus
1816 1082 1997 1178 Sapphonis

249 1211 327 1281 erat,
350 1209 381 1261 ct
398 1191 547 1261 Aeolicas
571 1191 727 1286 imprimis
751 1189 872 1258 sonnas
896 1187 989 1260 huius
1014 1189 1112 1258 dativi
1129 1188 1320 1283 Apollonius
1344 1191 1483 1283 exponit,
1506 1213 1571 1257 non
1594 1189 1807 1261 dubitavimus
1830 1192 1909 1264 baec
1930 1219 1996 1262 ver·

250 1306 291 1374 ba
315 1301 530 1398 superioribus
554 1300 740 1394 Sapphonis
763 1301 944 1391 adiungere.
988 1297 1051 1366 Est
1074 1323 1151 1367 sane
1173 1315 1378 1392 praeceptum
1400 1297 1440 1366 de
1462 1298 1651 1392 pronomine
1672 1300 1819 1371 enclitico
1840 1333 1894 1374 τοι
1915 1303 1996 1372 loni·

250 1416 311 1485 bus
336 1398 517 1482 communi:
541 1437 579 1476 ex
598 1408 648 1477 bis
672 1434 747 1476 vcro
770 1407 914 1500 singulos
931 1407 1018 1476 locos
1042 1425 1205 1494 annotare,
1229 1425 1338 1501 utpote
1362 1408 1395 1476 in
1416 1433 1450 1475 rc
1474 1407 1606 1533 vulgari,
1632 1408 1866 1481 Grammaticus
1888 1438 1996 1507 super·

250 1549 385 1606 vacuum
408 1520 505 1604 duxit,
528 1518 661 1588 neonisi
685 1519 842 1612 qrrosdam
864 1543 930 1585 non
951 1534 1034 1584 recte
1057 1517 1186 1610 regulae
1210 1543 1286 1586 suae
1305 1518 1482 1587 contrarios
1505 1519 1608 1586 visum
1631 1519 1670 1586 in
1661 1519 1788 1590 '.docet
1819 1521 1974 1592 Verum
1964 1551 1998 1592 ιιι

249 1634 355 1728 priore
378 1653 473 1698 versu
495 1654 534 1696 ex
545 1643 703 1721 conupto
726 1634 894 1718 ιπιδισμον
916 1625 1060 1696 Reitzius
1084 1627 1240 1721 exsculpit
1262 1628 1316 1698 ἐπὶ
1337 1626 1453 1718 ordea,
1476 1627 1526 1696 vel
1549 1629 1603 1697 ἐπὶ
1624 1629 1751 1740 δῶρον,
1781 1632 1867 1724 qnod
1889 1632 1997 1702 Aeoli·

250 1763 414 1867 comesse
437 1737 503 1807 vult
525 1762 584 1832 pro
607 1736 773 1834 ditem
749 1737 820 1822 ἄξω
844 1736 893 1804 vel
917 1736 1018 1861 simile
1041 1737 1171 1806 verbum
1195 1753 1336 1807 secutum
1358 1762 1430 1806 esse
1452 1737 1618 1831 opinatus3
1629 1729 1809 1902 Volgerus
1833 1743 1998 1832 &iudanos

249 1962 296 2031 dit
318 1961 371 2029 ἐπὶ
392 1961 526 2050 βῶμον,
548 1957 705 2050 idemque,
727 1972 763 2028 ut
783 1956 845 2026 hoc
867 1957 1033 2042 addamus,
1056 1956 1164 2051 paullo
1188 1973 1261 2024 ante
1285 1962 1387 2047 ἔριον.
1431 1957 1469 2026 Ιιι
1492 1953 1631 2050 genitivo
1654 1957 1997 2043 haerentes,‚lleitzius

249 2087 280 2142 et
302 2068 512 2138 Blomlieldus
535 2063 665 2146 λευκσῖς
687 2065 797 2157 αἶγας.
842 2067 887 2134 At
908 2091 1011 2160 neque
1034 2080 1109 2135 srmt
1131 2065 1274 2135 albarum
1297 2090 1409 2158 greges
1432 2059 1634 2160 capellardm,
1658 2083 1690 2134 et
1713 2067 1741 2136 si
1762 2068 1893 2138 fatearis
1915 2079 1998 2142 λιιι-

247 2179 310 2260 κάς
326 2178 397 2277 dici,
421 2178 499 2271 quia
522 2177 583 2244 diis
607 2193 792 2260 voveautur,
815 2199 881 2246 non
903 2175 1011 2268 plures
1035 2174 1128 2244 simul
1150 2174 1273 2243 hostias
1295 2175 1439 2244 modicae
1461 2175 1607 2246 fortmrae
1630 2176 1750 2246 femina
1772 2168 1994 2250 immolaverit.

196 2369 199 2379 Ι
246 2289 479 2361 chmtamen
500 2286 583 2354 unde
606 2287 763 2378 genitivus
787 2301 880 2379 aptus
902 2285 953 2372 sit,
976 2271 1094 2354 nometi
1117 2310 1211 2378 aegre
1235 2285 1499 2368 comminisceris3
1521 2311 1597 2355 narn
1620 2287 1647 2354 si
1670 2286 1752 2356 forte
1775 2305 1917 2358 extorum
1938 2317 1996 2359 no·

247 2427 321 2471 men
343 2398 487 2467 additum
508 2394 607 2463 fuisse
630 2411 734 2488 putes,
770 2394 902 2463 nimium
931 2408 1083 2490 quantum
1111 2394 1255 2470 sacrificii
1283 2395 1421 2490 dignitas
1445 2413 1645 2466 extenuatur:
1682 2397 1779 2468 immo
1802 2397 1871 2468 tota
1892 2399 1998 2470 hostia

247 2525 316 2580 erat
330 2505 554 2600 nrmcupanda.
598 2505 643 2572 At
664 2503 796 2573 verbum
818 2521 922 2574 exstat
942 2504 1035 2576 huius
1059 2505 1312 2590 constructionis,
1335 2506 1385 2574 cui
1408 2507 1587 2601 spondendi
1608 2508 1697 2576 notio
1721 2509 1841 2596 subest,
1864 2515 1998 2606 περιδί-

198 2614 203 2634 ’
248 2624 385 2692 daudet.
430 2614 507 2705 Quo
530 2611 591 2684 boc
614 2613 796 2707 significari,
832 2617 860 2683 si
884 2615 954 2708 quis
978 2641 1011 2684 se
1036 2614 1127 2683 alteri
1149 2615 1314 2684 cuiuslibet
1335 2617 1382 2687 rei
1405 2617 1577 2710 sponsione
1601 2617 1730 2712 obliget,
1766 2635 1854 2714 patet
1875 2645 1894 2687 e
1917 2619 1997 2690 locis

217 2797 219 2808 ,
247 2727 383 2798 Homeri
406 2725 530 2818 Odyss.
552 2715 590 2818 ip.
605 2732 659 2806 78.
682 2721 771 2816 ἐγσδν
791 2728 919 2816 ἐμέθεν
941 2725 1175 2822 περιδώσομαι
1196 2723 1313 2824 αὐτῆς,
1335 2726 1564 2820 Apistopbanis
1586 2726 1698 2822 Equit.
1715 2737 1790 2798 801.
1813 2731 1927 2802 ἐθέλω
1948 2731 1999 2825 τῷ

247 2838 346 2933 δήμῳ
368 2839 446 2933 περὶ
467 2834 530 2924 τῆς
550 2835 711 2931 κεφαλῆς·
729 2833 949 2931 περιδόσθαι,
977 2835 1116 2904 Acharn.
1136 2843 1212 2917 781.
1244 2842 1388 2933 περίδου
1414 2835 1481 2907 νῦν
1507 2867 1569 2928 μοι
1596 2843 1673 2934 περὶ
1699 2839 1860 2929 δυμιτιὸν
1886 2840 1998 2914 daos:

246 2965 373 3020 mutuae
405 2969 480 3014 vero
513 2944 697 3039 sponsionis
730 2946 763 3014 in
797 2945 977 3038 ambiguum
1009 2945 1265 3014 eventum‘inter
1292 2947 1372 3015 duos
1399 2944 1502 3016 sactae
1530 2948 1680 3040 cogitatio
1708 2948 1803 3018 Iliad.
1818 2973 1858 3043 ψ.
1875 2955 1998 3052 odor}

244 3063 406 3158 τρίποδος
427 3053 669 3156 περιδώμεθον
691 3052 732 3152 ἠδ
753 3057 911 3149 λέβητος,
934 3081 972 3123 ιιι
995 3054 1066 3124 solo
1088 3081 1220 3124 numero
1242 3054 1408 3125 hominum
1429 3056 1562 3143 exsistit,
1584 3083 1651 3126 non
1666 3084 1683 3126 e
1699 3059 1787 3128 verbi
1809 3061 1911 3154 ipsius
1934 3087 1996 3157 po-

244 3185 369 3240 testate.
413 3165 504 3234 Illius
532 3163 621 3232 verbi
647 3162 788 3234 futurum
813 3162 1012 3259 περιδδσομ’
1039 3165 1177 3234 nonita
1205 3165 1359 3236 dissimile
1387 3183 1437 3235 est
1462 3167 1581 3237 codicis
1608 3168 1782 3262 scripturae
1809 3178 1996 3264 επιδωμον,

244 3305 342 3376 quum
364 3275 492 3345 voculas
515 3277 568 3345 ἐπὶ
591 3289 622 3340 ct
643 3278 720 3369 περὶ
742 3271 923 3367 frequenter
945 3272 1094 3344 confusas
1118 3273 1251 3343 Bastius
1272 3274 1452 3345 Comment.
1468 3276 1631 3372 palaeogr.
1646 3287 1764 3371 [ι.783.
1782 3279 1994 3353 Schaelerus·

135 3385 140 3394 ’
245 3416 305 3487 que
327 3387 447 3458 ibidem
470 3383 643 3451 docuerint.
689 3383 758 3452 Sed
778 3383 889 3450 forsan
911 3384 1017 3477 ipsum
1039 3387 1257 3457 ἐπιδίδοσθσιι
1280 3387 1401 3476 servari
1423 3403 1538 3480 potest,
1567 3388 1655 3481 quod
1677 3415 1775 3483 quum
1796 3393 1927 3485 proprie
1951 3395 1997 3464 sit

244 3523 283 3568 se
305 3496 414 3566 alicui
433 3493 581 3575 madere,
615 3493 742 3585 quando
770 3492 840 3586 quis
873 3518 939 3561 non
961 3510 1063 3562 totum
1085 3520 1130 3580 se,
1164 3496 1221 3564 sed
1248 3495 1433 3590 aliquid-de
1457 3498 1522 3566 suis
1545 3497 1637 3567 alteri
1658 3499 1786 3584 addicit,
1819 3503 1998 3595 genitivrrm

244 3609 301 3692 rei,
332 3609 367 3678 in
389 3605 490 3677 altero
512 3601 609 3672 verbo
632 3602 816 3727 legitimum,
840 3617 872 3670 et
892 3603 999 3696 ipsmn
1020 3604 1188 3674 admittere
1211 3605 1346 3675 videtur.
1393 3605 1516 3676 Censes
1530 3606 1700 3678 Matthiaei
1723 3635 1771 3703 gr.
1763 3609 1848 3679 ..Gr
1869 3625 1898 3694 ς.
1916 3624 1999 3684 338.

246 3717 301 3789 Sic
323 3716 438 3810 prioris
461 3729 572 3782 versus
596 3712 827 3783 constructione
850 3711 1007 3809 absoluta,
1039 3713 1181 3846 proxime
1205 3715 1354 3809 subiungi
1377 3729 1526 3811 poterant
1547 3717 1681 3812 reliqua,
1715 3743 1796 3816 quae
1820 3721 1999 3818 Sapphoni

243 3825 482 3948 vindicavimus,
495 3823 635 3896 talem
624 3831 658 3894 ιιι
678 3823 853 3891 modum:

703 3937 835 4004 Σοὶ
857 3931 927 4003 δη
908 3929 975 4024 ιγιδ
995 3934 1121 4014 λευκᾶς
1142 3931 1321 4026 ἕπιδιδσορί
1343 3933 1453 4030 αι’γδς,

769 4039 1039 4136 actualitatem
1064 4043 1227 4133 [μελιαδέ
1249 4043 1371 4126 arvom]
1714 4125 1717 4130 ,

245 4155 325 4228 Tibi
345 4177 423 4226 vero
442 4154 638 4244 persolvam
660 4177 721 4245 ego
747 4152 865 4220 attam
887 4154 1068 4243 capellam,
1092 4163 1128 4220 et
1147 4153 1263 4222 tauto
1287 4155 1351 4224 titt
1473 4156 1589 4230 Verba
1611 4157 1806 4254 ιιᾰπιλιίψω
1828 4191 1881 4235 τοι
1904 4163 2001 4261 Sap·

240 4267 358 4369 phonis
383 4287 453 4335 esse
478 4263 618 4334 decemit
640 4257 738 4334 etiam
753 4263 886 4333 Bestius
909 4261 1016 4358 Epist
1039 4262 1106 4334 erit.
1129 4289 1162 4358 p.
1182 4278 1254 4348 tta.

373 4593 560 4667 Scholiasta
575 4591 712 4661 Pindari
734 4591 876 4688 Pyra,
849 4611 861 4660 t
895 4482 1328 4692 10.‘Hdll1>lanpotnt
1350 4596 1414 4668 τοῦ
1435 4600 1606 4688 ἕνσινιίοσ,
1635 4625 1731 4696 quam
1754 4539 1840 4697 apud
1863 4604 1999 4677 Pinda-

238 4735 309 4780 rum
331 4707 440 4802 aquila
461 4705 557 4790 Iovis,
584 4703 712 4776 musicis
737 4704 825 4772 sonis
848 4702 1012 4788 delectata,
1044 4703 1113 4772 alas
1136 4705 1267 4790 relaxat,
1302 4709 1355 4778 ἐπὶ
1376 4707 1447 4778 τῶν
1468 4713 1688 4808 περιστερῶν·
1725 4719 1827 4788 Ταισι
1848 4741 2003 4814 ψυχρος

238 4821 345 4911 μέν’
238 4820 462 4913 μιγένιιο
484 4813 609 4906 dotatis,
630 4813 700 4912 ιιδρ
722 4813 752 4887 δ
774 4821 853 4885 ἱεῖσι
875 4809 920 4884 ιδ
940 4812 1056 4909 πτερά.
