4274 5290
960 234 1175 365 ,ῥο-

989 441 1147 510 XLVIII.

322 551 506 622 Demetrius
530 553 569 621 de
592 551 706 623 elocut.
721 579 749 622 c.
767 564 841 630 142.
878 554 1042 623 Γίνονται
1065 552 1104 622 δέ
1125 554 1184 623 καί
1206 549 1277 624 uiuo*
1299 553 1421 638 λέξεως
1442 552 1591 650 χάριτες,
1613 552 1721 653 ἤγουν
1743 552 1813 628 aiud
1835 586 1942 646 μετοι-

191 659 313 761 φορᾶς,
335 663 380 743 ὠς
401 665 457 734 tut
477 661 540 732 τού
561 665 727 754 τέττιγος·
774 659 965 758 Πτερύγιον
988 659 1017 734 δ’
1038 660 1245 754 ύιτοκακχέει
1267 661 1415 760 λιγνροὲν
1436 662 1573 748 derude,
1595 663 1668 752 ὅ,τι
1689 664 1761 738 ποτ’
1784 665 1832 738 ἂν
1853 666 1944 762 φλό-

190 801 270 865 γιον
289 774 488 844 eorfe'roee’
469 770 699 862 επιπτύμενον
719 777 915 865 νοιτοιοδειῆγ.

326 882 462 954 Omisso
485 882 613 952 nomine
635 897 749 975 poetae
772 880 901 950 citatum
926 880 1096 975 Sapphoni
1117 865 1329 977 fragmentum
1352 883 1494 954 tribuunt
1516 831 1697 978 Stephanus
1725 901 1757 954 et
1778 885 1944 956 Blomfiel·

195 993 268 1078 dns,
307 992 395 1062 cuim
419 991 482 1062 alia
503 991 647 1087 proxime
670 991 864 1120 antegressis
888 991 1044 1084 capitibus
1066 989 1250 1061 Demetrius
1274 991 1408 1076 exbibet.
1452 993 1604 1062 Aldus
1581 998 1799 1092 vnoreoraxe'q
1827 1012 1859 1065 et
1879 1024 1954 1066 κοι-

136 1111 141 1126 *
191 1106 362 1199 τανὸείη..
389 1100 473 1172 Cod.
490 1099 721 1194 Cmubugff
698 1129 764 1171 vno
755 1097 959 1192 καταχέει,
989 1117 1022 1170 et
1042 1103 1109 1172 e’rrl
1117 1101 1294 1174 ποίτταλον
1324 1127 1383 1196 pro
1410 1102 1647 1192 ε’πιπτύμενον.
1692 1104 1802 1174 Metro
1831 1106 1944 1176 adver·

193 1229 284 1282 satm
314 1213 553 1304 ύποιιοιταχέει,
588 1211 675 1306 quod
696 1211 833 1279 retinent
845 1209 1049 1336 Stephanus,
1080 1237 1118 1281 ac
1139 1211 1392 1283 Wemsdorlius
1415 1215 1458 1282 ad
1480 1214 1603 1282 Himer.
1621 1215 1716 1284 Orat.
1731 1228 1832 1300 01η.
1877 1215 1945 1284 Ad·

194 1322 298 1391 missa
320 1321 426 1390 forma
448 1320 696 1417 praepositionis
727 1320 922 1390 Aeolibus
911 1320 1066 1414 imprimis
1090 1319 1266 1416 frequente,
1303 1337 1412 1390 versus
1441 1324 1531 1418 pn'or
1552 1322 1772 1392 emendatione
1795 1324 1859 1393 alia
1880 1345 1949 1392 nou

193 1431 359 1525 indigebit.
405 1430 546 1501 Alterius
570 1429 804 1522 corrigendi
773 1455 859 1498 viam
879 1431 1069 1499 monstrarit
1091 1429 1314 1516 Schneiderus,
1342 1449 1525 1527 comparato
1547 1432 1617 1501 loco
1640 1431 1806 1502 Hesiodeo
1830 1434 1899 1528 Op.
1915 1448 1948 1502 et

192 1539 238 1610 D.
254 1549 330 1609 580.
321 1565 437 1635 ‚soqep
470 1538 601 1632 Ἠχέτοι
627 1541 737 1623 τέττιξ
760 1542 919 1636 Δενδρέιρ
946 1539 1147 1639 ἐφεζόμενος
1171 1537 1317 1668 λιγρρήν
1343 1541 1542 1634 καταχεύετ
1565 1537 1689 1638 ἀοιδὴν
1712 1539 1901 1615 Πυκνον
1882 1573 1946 1614 υπο

193 1649 383 1747 πτερύγων,
419 1651 544 1774 θέρεος
569 1646 843 1737 καματώδεος”
815 1677 955 1744 ιορρμ..
964 1653 1080 1719 ..ἐπεὶ
1106 1649 1261 1749 κεφαλήν
1293 1654 1352 1722 καὶ
1378 1651 1534 1743 γούνατα
1560 1657 1698 1789 Σείριος
1723 1650 1806 1736 ἄζει.
1861 1637 1949 1724 Hinc

193 1761 360 1854 probabile
384 1774 442 1845 est,
472 1759 505 1826 in
528 1758 589 1827 line
613 1755 816 1826 scribendum
837 1781 909 1826 esse
931 1755 1074 1852 ιιοιιαύρ,
1102 1760 1188 1852 quod
1210 1785 1280 1828 ctum
1302 1761 1501 1854 partienda
1481 1759 1597 1833 ouudr’
1619 1762 1666 1832 de
1688 1777 1900 1847 construatur,
1927 1785 1948 1832 a

192 1868 387 1939 Blomfieldo
409 1884 493 1937 recte
514 1865 656 1962 reposita
677 1891 738 1961 pro
760 1867 884 1936 absono
905 1865 1039 1935 relativo
1059 1868 1259 1961 pronomine.
1295 1869 1362 1940 Sed
1383 1867 1593 1940 ἕπιπτοὶοθαι
1615 1870 1718 1942 Sirius
1742 1873 1852 1966 nequit
1874 1869 1946 1956 dici,

194 1979 224 2050 si
247 1979 316 2073 quis
340 1976 422 2046 forte
445 1976 528 2047 huuc
550 1975 699 2076 φλόγιον
720 1974 848 2072 ἄστρον
870 1975 1066 2072 appellatum
1088 1977 1264 2080 putaveritt
1287 1978 1423 2046 adurens
1439 1979 1546 2047 nescio
1563 1978 1638 2071 quid
1661 1980 1779 2072 ingruit
1801 1995 1833 2049 et
1856 1981 1948 2074 quasi

193 2086 316 2158 involat
337 2085 484 2180 φλύγιον
506 2086 612 2182 ἅιγμα,
635 2085 723 2156 cuius
746 2085 892 2155 vocabuli
914 2109 991 2181 pars
1013 2084 1102 2179 prior
1121 2103 1264 2156 remanet
1285 2087 1320 2155 in
1342 2085 1426 2158 exitu
1449 2087 1612 2182 depravati
1633 2093 1801 2182 κούέταν.
1845 2089 1948 2159 Cuius

193 2197 229 2266 in
255 2195 368 2266 litteris
399 2197 557 2292 prioribus
589 2199 699 2267 κοτύέτ
727 2195 861 2266 nonita
889 2195 1017 2265 difficile
1049 2211 1098 2264 est
1120 2190 1292 2290 agnoscere
1313 2193 1417 2293 ιιαριί.
1461 2195 1634 2292 Reliquum
1654 2213 1713 2283 cst,
1735 2215 1772 2266 ut
1792 2195 1947 2268 choriam-

193 2305 309 2376 borum
330 2307 434 2404 gratia
456 2331 515 2402 pro
537 2309 593 2378 dul
615 2305 812 2375 scribatur'
792 2333 840 2378 ιν.
883 2305 1045 2400 ltaque
1018 2329 1064 2373 stc
1085 2305 1209 2375 videtur
1230 2322 1331 2376 totum
1352 2306 1565 2402 fragmentum
1586 2305 1710 2377 restitui
1730 2331 1849 2402 posses

559 2413 751 2551 Πτερύγιρν
773 2413 803 2488 δ’
825 2415 1033 2507 ύποιιαιιχέει
1055 2411 1206 2513 λιγνροιν
1227 2411 1364 2498 eineder,

557 2522 674 2598 ὁππότ
696 2526 743 2596 ἂν
764 2525 910 2626 φλόγιον
931 2554 1068 2623 καρπον
1089 2523 1170 2624 ἄρμ’
1192 2525 1411 2616 ε’μπτύμενον
1430 2525 1575 2622 κοταύρ.

193 2636 265 2708 Sub
294 2636 361 2705 at's
390 2635 540 2732 ffsundit
567 2644 708 2704 cantum
739 2648 911 2728 argutum,
951 2636 1088 2730 quando
1118 2636 1315 2728 aestfirum
1336 2647 1470 2728 segetes
1482 2637 1620 2728 flamen
1641 2636 1800 2708 τ’πνοίαπε
1823 2637 1950 2707 adurit.

197 2747 405 2841 Quamquam
432 2745 496 2816 alia
526 2769 593 2814 uon
623 2763 806 2838 succurrunt
832 2745 995 2840 exempla,
1032 2745 1125 2814 ubi‘
1114 2772 1149 2815 m
1175 2744 1236 2815 hac
1263 2744 1405 2816 clausula
1433 2747 1571 2842 disparis
1599 2746 1810 2842 longitudinis
1837 2771 1948 2818 versus

196 2855 402 2928 choriambici
424 2855 583 2926 coniuncti
605 2853 681 2922 sint.
725 2855 773 2924 Ut
794 2855 854 2926 hoc
875 2857 946 2926 lo'co
969 2871 1019 2926 est
1040 2852 1219 2953 πτερύγων
1241 2854 1319 2942 ύπο,
1343 2856 1388 2924 ita
1410 2857 1443 2924 in
1465 2854 1583 2948 hymno
1607 2855 1740 2927 Homer.
1760 2871 1814 2944 20,
1835 2875 1864 2927 1.
1886 2851 1951 2930 κύ·

193 2995 278 3048 τινος
300 2961 371 3038 alud
393 2958 574 3062 πτερύγιον
596 2961 661 3053 λίγ’
671 2961 786 3037 delete«.
827 2965 970 3059 Φλόγιος
986 2964 1152 3034 Aeolicum
1174 2989 1246 3033 esse
1268 2988 1328 3057 pro
1348 2961 1506 3062 φλόγεος,
1532 2965 1695 3037 docuimus
1718 2966 1753 3036 in
1774 2965 1888 3062 fragm.
1900 2964 1948 3038 V.

195 3077 249 3146 Ile
272 3077 358 3146 nudo
381 3071 515 3173 καρπός
537 3073 609 3143 tide
631 3073 725 3142 ssiat.
744 3102 777 3146 α.
799 3075 871 3143 156.
897 3075 1020 3168 Odyss.
1039 3103 1071 3169 ιγ.
1092 3089 1164 3154 104.
1194 3074 1332 3144 Hesiod.
1361 3074 1406 3144 Ο.
1430 3090 1462 3142 et
1479 3073 1524 3142 D.
1547 3086 1622 3154 504.
1639 3091 1716 3158 Πθ.
1759 3077 1853 3166 Aliae
1876 3091 1951 3146 sunt

195 3184 503 3257 emendationes-H.
529 3181 696 3278 Stephani,
720 3209 740 3252 a
764 3183 869 3253 Galeo
890 3200 1100 3254 memorataez
1140 3183 1213 3271 ὅ,τί
1225 3181 1363 3256 ’ποτ’ἆν
1380 3181 1529 3282 φλόγιον
1550 3182 1632 3257 καθ’
1646 3185 1745 3284 ὥραν
1766 3183 1949 3276 ιἰτιπτοίμε·

194 3325 261 3369 νον
281 3301 476 3383 κατανλίοι,
500 3293 551 3363 vel
572 3291 720 3391 φλόγιον
740 3297 901 3375 ιιαθέτιος
924 3292 1160 3386 ε’πιπτοίμενον
1181 3299 1396 3390 καταυδείης.
1442 3293 1547 3386 Ipsius
1572 3293 1684 3364 Galeir
1723 3290 1949 3382 ὅ,τί-ποτ’ἇν

194 3402 341 3504 φλόγιον
362 3403 445 3477 καθ’
461 3403 561 3502 ὥραν
583 3405 639 3474 ε’πί
664 3399 846 3475 πάτταλον
866 3410 1066 3498 καταοδειίγ.
1099 3403 1305 3474 Schneideriz
1333 3402 1395 3474 ὅθι
1418 3399 1493 3474 ποτ’
1509 3401 1557 3474 ἂν
1578 3401 1725 3502 φλόγιον
1747 3398 1831 3474 καθ’
1848 3401 1949 3500 ὥραν

194 3513 429 3607 ε’πιπτύμενον
450 3519 651 3606 καταυλεῖν).
696 3509 901 3582 Btomtieldi=
930 3515 1001 3585 τῶν
1022 3516 1159 3610 πτεροῦν
1179 3511 1209 3586 δ’
1219 3513 1429 3604 ύπονακχέει
1452 3509 1519 3582 uie
1539 3509 1693 3610 λιγοροῖν
1717 3508 1854 3602 αόιδιὲν,
1883 3509 1949 3584 o'u·

194 3621 270 3700 πότ’
280 3625 330 3696 ἂν
349 3619 528 3723 φλογερὰν
549 3620 622 3695 κατ’
633 3621 732 3720 ὤραν
751 3619 928 3713 πτοίμενον
949 3622 1123 3719 corandri.

331 3952 461 4025 Servius
482 3952 525 4022 ad
538 3951 658 4047 Virgil.
674 3951 795 4046 Georg.
815 3951 841 4038 1,
858 3967 911 4021 at.
959 3951 1133 4023 Generum
1149 3974 1214 4042 pro
1236 3951 1360 4022 morito
1376 3951 1531 4053 μοιίτιιιπ
1548 3951 1650 4020 mult!
1665 3950 1847 4043 accipiunt,
1869 3951 1948 4022 ἱνα·-

194 4075 233 4134 la
252 4063 413 4156 Sappho,
443 4062 589 4157 quaein
612 4062 718 4147 libre,
746 4063 807 4156 qui
824 4063 1025 4131 inscribitur
1043 4059 1304 4152 Ἐπιύαλύμια,
1334 4063 1407 4130 aits

556 4159 559 4165 Ι
1255 4179 1390 4269 Χαίρε,
1417 4168 1550 4270 νύμφα,

600 4289 736 4378 ,χαῖρε,
768 4287 859 4372 τίμιε
878 4283 1035 4380 γαμβρέ,
1065 4280 1196 4355 πολλοί·
1285 4269 1289 4278 ⁸

193 4393 275 4467 e’rrl
295 4393 359 4465 τοῦ
379 4398 515 4492 νυμφίε.
543 4391 603 4462 Sic
623 4401 658 4460 et
677 4392 854 4461 Pindarus
878 4395 919 4462 ἐν
939 4401 1012 4472 τοῖς
1033 4390 1208 4482 Ἰσθμίοις.

193 4506 314 4590 Solee,
337 4527 484 4595 sponsa,
513 4503 611 4570 salve
633 4502 791 4585 multum,
818 4501 1009 4569 venerande
1030 4525 1168 4591 sponse.
1195 4498 1330 4568 ,Pollux
1351 4499 1408 4588 III,
1424 4515 1456 4590 ὃ,
1473 4515 1526 4570 at.
1570 4497 1781 4600 Σαπφιύικοιὶ
1800 4495 1863 4571 uir
1884 4495 1951 4572 ἄν·

194 4621 263 4711 δρα
283 4611 393 4684 αύτὸν
412 4608 580 4708 γαμβρὸν
602 4617 713 4683 καλεῖ.
757 4608 837 4680 Lex.
851 4609 951 4678 ittet.
974 4605 1167 4679 iuBelrlreri
1180 4610 1325 4680 Anecdd.
1342 4609 1402 4681 Gr.
1424 4639 1459 4706 p.
1474 4617 1550 4680 228.
1568 4606 1752 4706 Ταμβρὸν
1773 4606 1838 4681 τον
1859 4639 1948 4700 νυμ-

193 4730 277 4822 φίον
298 4721 451 4804 Αἰολεῖς.
496 4721 662 4794 δεττὶἶιὶε
684 4719 829 4791 Pindaro
853 4721 1093 4818 annotationem
1115 4722 1158 4791 ad
1179 4719 1293 4792 Isthm.
1318 4736 1349 4808 a,
1369 4729 1425 4806 70.
1450 4718 1548 4790 refert
1567 4718 1751 4788 Dissenius.
1794 4720 1948 4818 Apertior

2116 4586 2128 4602 Ιι

2127 4689 2128 4704 l
