4242 5300
1021 242 1082 342 49

181 473 398 544 videturesse
419 468 594 570 dypauirrr.
639 473 677 544 Si
699 472 835 568 quaeris,
857 489 928 544 ntra
951 475 993 544 sit
1015 499 1091 544 vera
1112 473 1251 544 nominis
1275 473 1440 569 scriptura,
1462 470 1580 540 Pollux
1603 471 1731 566 quidem
1751 469 1928 558 IX,2,-12.

180 583 264 653 inter
285 582 442 656 vocabula
464 584 504 652 ah
527 582 623 680 ᾰγρῷ
645 584 737 653 ducta
757 599 915 652 memorat
935 581 1106 681 α’γριώτιγς
1126 601 1161 652 ut
1179 585 1345 679 poeticum,
1371 584 1409 652 de
1425 581 1525 652 altero
1541 599 1637 653 tacet:
1661 608 1769 650 verum
1791 599 1822 651 et
1845 584 1930 678 apud

181 691 563 792 Homerumoiypoeulrpc
577 693 745 786 aliquoties
761 692 885 786 legitur,
908 719 1072 788 nunquam
1087 692 1266 791 ἀγριῶιιγς,
1285 710 1323 762 et
1345 690 1509 787 Aristoph.
1525 691 1615 762 Eccl.
1627 692 1681 777 hu,
1704 692 1760 761 uhi
1781 692 1816 760 in
1838 691 1932 761 codd.

180 819 231 872 est
251 802 435 900 dyprrirac,
463 820 598 872 metrum
618 804 708 871 unice
730 801 874 901 postulat
894 800 1097 903 ἀγροιώτας,
1120 804 1206 897 quod
1227 804 1370 898 reposuit
1390 801 1580 871 Brunchius.
1626 801 1736 895 ltaque
1760 803 1827 870 sive
1850 799 1931 871 Pol·

181 906 245 983 luci
267 913 393 983 Comici
416 911 504 982 locus
527 912 713 982 obversatus
736 928 786 980 est
807 911 872 980 iam
893 929 959 980 tum
982 929 1158 1007 corruptus,
1186 913 1253 982 sive
1277 913 1317 982 ah
1347 912 1419 1006 ipso
1442 912 1593 1005 scriptum
1616 908 1810 1010 ἀγροιιᾶιιγς
1838 911 1931 983 vitia·

181 1037 263 1090 tumr
296 1023 409 1117 quihus
438 1021 531 1090 nohis
562 1021 689 1116 quidem
719 1022 957 1092 auctoritatibus
984 1024 1030 1093 uti
1058 1021 1146 1114 licet,
1176 1047 1232 1092 cae
1260 1046 1387 1107 omnes,
1418 1021 1446 1089 si
1467 1044 1488 1092 a
1512 1019 1696 1116 Sapphonis
1719 1019 1789 1090 loco
1813 1019 1931 1090 disces·

180 1131 272 1216 reris,
305 1128 473 1230 ἀγραᾶτιγς
495 1131 656 1201 Graecum
687 1155 753 1200 non
776 1156 848 1200 esse
874 1134 1079 1227 persuadent.
1125 1129 1275 1202 Ceterum
1306 1131 1467 1225 utriusque
1498 1130 1620 1200 formae
1651 1132 1734 1201 iusta
1765 1127 1932 1225 explicatio

183 1257 329 1336 apparet.
359 1241 412 1310 Ah
435 1239 584 1338 ἀγρόιιγς
605 1256 637 1309 et
656 1239 812 1341 ἁγριᾶτιγς
832 1240 1036 1336 intelligimus
1059 1239 1235 1340 ἅγροῶπγς
1256 1257 1288 1311 et
1301 1239 1489 1338 dypoaoirpc
1509 1239 1603 1327 flecti,
1626 1237 1794 1338 α’γριῶτης
1815 1265 1853 1308 ex
1875 1240 1932 1309 ad·
1964 1247 1969 1254 ’

180 1349 294 1422 iectivo
308 1349 426 1447 ἄγριος
441 1350 580 1419 effictum
594 1349 698 1419 fuerit.
743 1351 792 1423 Ut
814 1366 919 1420 autem
941 1351 1083 1447 poetriae
1105 1351 1318 1446 fragmentum
1340 1350 1524 1420 Athenaeus
1547 1350 1687 1446 protulit,
1709 1351 1784 1418 inde
1800 1375 1820 1418 a
1834 1351 1932 1420 verho

180 1456 246 1530 οὐκ
267 1461 477 1550 ἒιιισιαμεγα
499 1459 775 1555 deprehenduntur
797 1460 918 1529 numeri
941 1460 1146 1530 choriambici
1169 1487 1240 1530 curn
1262 1460 1351 1529 husi:
1391 1460 1424 1528 in
1452 1476 1542 1555 parte
1564 1460 1670 1556 priore
1694 1459 1813 1553 aliquid
1835 1461 1931 1529 omis·

181 1593 254 1637 sum
275 1593 362 1656 csse,
394 1585 427 1637 et
447 1585 582 1638 metrum
604 1565 699 1638 doc'et
719 1569 952 1664 perturbatum,
986 1585 1020 1639 ct
1046 1569 1201 1640 sententia
1229 1571 1274 1638 ita
1297 1570 1424 1639 demum
1447 1568 1610 1654 absoluta,
1643 1569 1671 1637 si
1698 1569 1852 1662 genitivus
1881 1569 1933 1638 vel

181 1679 306 1750 dativus
336 1677 539 1774 suppleatur,
577 1693 612 1748 ut
636 1677 839 1766 Eustathins,
875 1678 1064 1765 Philemon,
1101 1677 1305 1747 Phavorinus
1337 1679 1503 1747 commode
1543 1679 1585 1747 ad
1616 1679 1828 1772 integritatem
1859 1683 1931 1749 senss

152 1788 297 1857 ·tentiae
319 1788 575 1884 interpretantur,
604 1793 686 1860 ποία
715 1786 803 1886 γυνή
824 1789 1004 1886 ἐφέλκεται
1024 1785 1179 1886 ἐραστήν.
1226 1788 1308 1858 Cum
1340 1787 1390 1856 his
1413 1786 1490 1855 facit
1512 1787 1723 1856 Casauhonus
1753 1790 1795 1859 ad
1820 1789 1932 1860 Theo·

181 1897 349 1995 phrastum
370 1897 393 1966 l.
409 1923 438 1966 c.
459 1897 505 1966 ita
527 1897 684 1968 scribens=
712 1897 830 1989 Negat
847 1896 990 1987 Sappho
1008 1920 1117 1989 posse
1140 1896 1298 1988 curpumn
1317 1896 1740 1988 placere·Andrumedam,
1765 1923 1855 1992 quae
1873 1925 1931 1968 ru·

180 2009 349 2075 sticarum
371 2009 469 2076 mo're
493 2018 618 2076 vestem
641 2006 845 2074 subductam
868 2017 985 2097 gestet.
1043 2005 1207 2096 Quoniam
1231 2021 1337 2073 tamen
1360 2005 1408 2073 illi
1429 2027 1487 2072 suo
1510 2004 1625 2073 iudicio
1647 2008 1793 2102 ἐραστοῦ
1815 2034 1932 2082 nomen

181 2116 374 2203 adiecerunt,
404 2116 537 2186 liberum
558 2115 652 2185 nohis
675 2132 725 2184 est
747 2115 926 2184 dissentire.
979 2115 1053 2184 Etsi
1075 2115 1169 2208 igitur
1190 2115 1321 2183 rerhum
1345 2118 1486 2207 θέλγειν
1509 2113 1548 2182 do
1571 2139 1679 2184 amore
1702 2117 1850 2187 usitatum
1872 2137 1930 2205 est,
2021 2181 2024 2189 .

181 2241 215 2295 at
236 2227 339 2296 minus
362 2227 509 2296 convenit
529 2225 779 2320 interrogationi,
812 2223 862 2292 cni
883 2223 931 2292 ris
954 2225 1038 2294 inest
1058 2224 1208 2317 negandi,
1246 2247 1310 2318 qua
1331 2223 1464 2293 indicari
1485 2222 1616 2310 videtur,
1649 2223 1709 2294 hoc
1732 2229 1931 2322 propositum

180 2334 299 2405 hahere
320 2335 478 2424 mulieres,
517 2353 554 2406 ut
574 2336 712 2405 virorum
735 2334 859 2404 animos
889 2332 1064 2403 deliniant*
1110 2332 1225 2428 Longe
1249 2333 1352 2430 aptius
1375 2334 1420 2402 ita
1441 2349 1510 2402 erat
1532 2333 1667 2430 simplex
1688 2334 1838 2431 placendi
1858 2363 1929 2408 ver·

179 2445 267 2531 hum,
296 2470 392 2542 quam
415 2448 501 2541 quod
522 2445 671 2515 suavitati
693 2445 874 2513 adiunctam
896 2443 994 2514 hahet
1017 2444 1139 2512 fraudis
1164 2444 1333 2539 damnique
1356 2443 1589 2537 cogitationem.
1650 2443 1725 2533 Qua
1756 2445 1795 2516 de
1818 2471 1932 2519 caussa

182 2555 369 2626 Casauhoni
389 2585 453 2640 τοι,
491 2557 589 2624 modo
612 2554 764 2625 lihromm
787 2555 849 2624 fide
871 2554 1031 2640 innitatur,
1054 2555 1269 2651 spernendum
1290 2578 1356 2623 non
1379 2569 1435 2640 est,
1474 2570 1509 2622 ut
1530 2553 1666 2649 Sappho
1687 2554 1813 2650 puellae
1836 2555 1929 2628 alicui
1962 2644 1965 2649 Ι

181 2667 315 2736 rusticae
344 2663 485 2734 mulieris
516 2653 741 2735 Andromedae
773 2663 1022 2733 familiaritatem
1047 2666 1226 2760 exprobret.
1275 2663 1450 2733 Praeterea
1471 2663 1734 2758 verisimillimum
1757 2683 1815 2753 est,
1844 2670 1930 2762 quod

181 2802 253 2846 cum
276 2776 471 2848 Casauhono
494 2776 664 2846 arbitratur
685 2775 915 2861 Blomfieldus,
953 2773 1052 2843 verba
1079 2797 1100 2843 a
1126 2774 1285 2843 Maximo,
1304 2773 1406 2866 Tyrio
1438 2790 1626 2842 conservata
1657 2800 1693 2843 er
1724 2775 1797 2872 ipso
1819 2795 1930 2849 nostro

181 2884 254 2954 loco
275 2887 373 2982 petita
396 2911 477 2971 esse,
509 2887 595 2956 cuius
618 2903 743 2981 partem
765 2885 905 2981 priorem
927 2883 1109 2953 Athenaeus
1133 2882 1333 2952 contraxerit.
1385 2883 1430 2951 Et
1451 2881 1530 2951 haec
1552 2881 1734 2984 ἀγροιῶτιν
1755 2889 1930 2978 inserpere

180 3011 329 3092 poterant
350 2997 490 3066 eiusdem
513 2994 637 3091 generis
661 3019 787 3064 versrnrr
810 2993 968 3079 claudere,
991 2993 1077 3062 cuius
1101 3008 1151 3061 est
1172 2992 1260 3077 alter,
1284 3018 1377 3086 quem
1399 2993 1555 3086 integrum
1575 2994 1757 3064 Athenaeus
1782 2997 1931 3094 apponit:

180 3104 307 3204 στολήν
328 3107 412 3176 enirn
434 3131 500 3175 non
523 3122 572 3175 est
595 3103 808 3175 necessarium
831 3104 1035 3187 adsensum,
1076 3119 1108 3171 et
1130 3128 1226 3196 quum
1255 3103 1287 3170 in
1311 3105 1484 3192 ἐπεμμεγα
1507 3103 1641 3172 Aeolica
1662 3107 1840 3200 proprietas
1863 3107 1929 3177 elu·
2057 3122 2065 3132 “

180 3232 260 3302 coar,
283 3216 410 3286 dialecti
432 3217 558 3286 nomine
582 3229 774 3309 suspectum.
811 3213 921 3307 ltaque
943 3213 1074 3309 propius
1098 3213 1248 3282 accedere
1271 3213 1414 3283 videmur
1436 3213 1478 3280 ad
1500 3215 1670 3307 genuinam
1693 3214 1756 3284 loei
1777 3215 1926 3308 formam,

181 3327 225 3395 ita
249 3327 437 3397 scribendos

391 3417 400 3430 ⁸
556 3439 618 3514 Τίς
639 3429 669 3504 δ’
690 3437 813 3518 ἔθελξε
835 3430 920 3503 νόον
941 3461 994 3503 τοι
1016 3429 1125 3525 [no'r]
1154 3430 1338 3529 ἀγροιῶτιν
1359 3434 1543 3522 inrupere,

549 3541 615 3616 οὐκ
637 3545 844 3632 tamenim
864 3538 909 3613 sci
930 3539 1054 3639 βράκε’
1075 3549 1182 3640 ἕλκην
1202 3548 1255 3614 ἐπὶ
1274 3545 1347 3614 τῶν
1369 3545 1517 3642 σφυρῶν.
1609 3585 1614 3592 -

168 3657 290 3748 ‚Quae
312 3655 380 3740 ttbt,
399 3677 540 3748 quaero,
560 3665 705 3724 mentem
728 3651 880 3722 dethtvtt
899 3653 1027 3720 rustice
1050 3654 1187 3744 arricta,
1210 3677 1300 3749 puae
1319 3654 1428 3722 nescit
1449 3664 1576 3721 vestem
1599 3653 1650 3720 ad
1666 3656 1758 3723 talos
1779 3655 1928 3728 tradere.

315 3985 534 4078 Hermogenes
558 3981 731 4053 deformis
755 3981 908 4050 orationis
930 3979 972 4053 Π.
996 4007 1023 4050 c.
1038 3997 1069 4059 tr.
1082 4008 1117 4077 p.
1126 3995 1203 4059 40³.
1242 3978 1356 4053 Ὅταν
1382 3977 1447 4072 τήν
1473 3976 1586 4077 λύραν
1607 3983 1722 4079 ἐρωτᾷ
1742 3985 1765 4084 ἦ
1786 3985 1926 4088 Σαπφιξ,

179 4103 240 4168 καὶ
263 4095 351 4168 ὅταν
372 4094 460 4193 αὕτη
483 4091 717 4189 ᾰιιοκρίιηται,
740 4093 829 4164 οἷον·
850 4091 935 4184 ''Aye
956 4095 1043 4184 χέλν
1065 4088 1126 4164 altri
1145 4121 1205 4180 μοι
1226 4095 1315 4183 λέγι,
1337 4089 1516 4190 porticena
1538 4091 1578 4162 dt
1598 4099 1702 4184 ytaeo.

315 4206 396 4276 Cod.
414 4202 652 4274 Caio-Gouvil.
667 4201 822 4270 referente
837 4200 1042 4288 Blomheldo,
1064 4205 1127 4294 ἆγι
1150 4199 1193 4301 δὴ
1213 4205 1311 4292 xlta,
1335 4201 1455 4269 omisso
1476 4229 1545 4290 μοι.
1577 4204 1763 4277 Eustathius
1787 4232 1862 4277 vero
1884 4210 1925 4278 ad

180 4307 271 4388 fliad.
287 4343 322 4390 α.
338 4342 370 4413 p.
384 4321 415 4383 fl.
429 4311 511 4382 Bas.
542 4312 735 4409 Ὁμηρικῶς
757 4313 800 4384 δέ
816 4339 886 4392 πως
906 4315 965 4384 aral
992 4308 1160 4412 ἡλυρικῆ
1182 4307 1312 4408 Σαπφώ
1334 4316 1586 4406 σχηματίζουσα
1606 4314 1649 4412 τῇ
1671 4315 1807 4412 κιθάρᾳ
1828 4317 1925 4407 ἔγκε-

180 4424 330 4499 larinas?
354 4424 440 4516 Ἀγι
460 4453 529 4514 μοι,
553 4431 612 4510 δῖα
632 4425 729 4516 gelu,
751 4420 932 4520 φωνᾶεσιια
952 4425 1080 4514 γένοιο.
1126 4423 1212 4492 Hinc
1234 4420 1370 4515 synizesi
1392 4422 1547 4498 vocabulo
1569 4423 1751 4522 φωνάιιια
1773 4423 1924 4514 adhibita,

179 4535 349 4631 legendum
372 4535 511 4604 videtur:

597 4639 684 4733 ''Aye
706 4649 768 4715 dia
788 4644 877 4734 χίλν
896 4669 957 4731 μοι
976 4641 1066 4733 λέγε,
1087 4636 1270 4741 pordacan
1292 4641 1331 4714 δὲ
1350 4645 1473 4735 γίγνει.

1552 4873 1609 4942 li]
