4242 5300
1011 259 1079 371 ὀι

182 521 259 598 692.
304 511 403 609 Apud
425 508 699 610 Hephaestionem
722 523 842 592 autern,
866 503 919 599 qni
941 503 1024 573 bunc
1048 529 1172 599 qnoque
1195 528 1322 574 versum
1344 503 1367 572 l.
1391 530 1419 573 c.
1443 503 1606 600 apposuit,
1630 481 1797 589 codd.,⁸in
1820 504 1933 598 quibus

179 624 209 694 F
211 621 412 707 amesianus,
439 638 474 690 nt
495 619 593 688 refert
614 618 768 702 UrsinuS‚
793 613 883 687 τοιιόΓ
905 613 956 683 vel
978 614 1074 702 wld',
1102 616 1153 684 ed.
1174 615 1256 682 lunt.
1278 613 1376 702 evt'd‘,
1406 614 1457 683 ed.
1474 613 1618 683 Tumeb.
1640 620 1699 686 τοί
1716 613 1757 688 δ’.
1801 613 1935 699 Accedit

180 733 342 803 Prisciani
369 730 556 814 auctoritas,
589 727 780 810 cniusxlibro
803 725 908 820 primo
930 752 963 822 p.
979 735 1055 792 555.
1077 723 1212 793 Putscb.
1228 724 1281 793 ³6.
1304 723 1418 792 Krehl.
1446 723 1525 792 baec
1546 723 1710 817 leguntur:
1746 725 1776 794 S
1802 747 1935 816 quoqne

181 843 403 920 antecedente
430 865 452 908 u
476 851 511 908 et
532 846 691 930 sequente
715 861 739 904 ο
765 836 821 903 vel
842 859 876 918 e,
899 835 965 902 boc
988 835 1079 902 edem
1101 858 1207 925 saepe
1215 838 1277 928 fit,
1302 847 1353 916 (ut
1371 859 1440 920 sua
1462 849 1494 902 et
1512 858 1575 902 sue
1592 858 1690 902 unam
1710 833 1869 930 syllabam
1888 831 1935 903 es·

180 935 319 1038 ficiant,)
344 956 388 1019 ut'
402 949 544 1032 suadeo,
567 946 696 1030 suavis,
720 960 854 1028 suesco,
878 955 995 1012 suetus
1005 975 1018 1024 ,·
1041 944 1135 1038 quod
1151 945 1250 1034 apud
1261 945 1387 1012 Aeoles
1406 967 1539 1036 qaoque
1558 974 1593 1015 οι
1612 968 1718 1035 saepe
1732 945 1879 1035 patitur,
1904 953 1940 1011 et

181 1061 308 1130 anu'ttit
330 1060 395 1128 utu
419 1061 549 1128 litterae
570 1056 606 1124 t'a
629 1065 744 1139 metro,
769 1065 807 1122 nt
822 1053 981 1144 Sapph0‚
1004 1051 1117 1124 Ἀλλᾰ
1138 1050 1224 1124 τοι’δ’
1249 1052 1397 1136 (Putsch.
1420 1053 1522 1152 τῆιδλ,
1546 1052 1660 1122 Krehl.
1681 1051 1799 1141 aeddi,
1823 1054 1881 1122 sed
1902 1052 1937 1122 in

180 1171 345 1240 Additam.
367 1195 401 1265 p.
415 1167 507 1236 XIX.
529 1163 633 1246 evt‘d')
656 1170 781 1238 ἔλθετε
794 1160 948 1244 norloae’.
959 1169 1081 1259 ἔρωτα.
1110 1162 1275 1232 Similiter
1293 1161 1394 1262 πήλυι
1413 1163 1640 1258 dissyllabum
1654 1163 1823 1232 invenitur
1843 1161 1940 1253 apud

181 1278 334 1362 eosdem,
366 1301 470 1370 quum
491 1307 526 1347 οι
548 1299 617 1344 noa
640 1285 694 1342 est
715 1272 952 1364 drpbtbongus.
998 1273 1084 1340 Hine
1107 1290 1348 1368 assumpserunt
1368 1271 1456 1345 wld’
1478 1273 1552 1343 inde
1575 1274 1616 1342 ab
1638 1273 1760 1343 Ursino
1782 1271 1937 1368 plerique,

180 1387 245 1458 nisi
267 1388 354 1482 quod
376 1385 520 1455 nonnulli
542 1400 661 1480 puncta
685 1384 866 1453 diaereseos
890 1383 1084 1479 appingunt,
1111 1381 1323 1452 Blomfieldus
1346 1403 1458 1451 voeern
1480 1382 1679 1452 circumflexo
1702 1383 1819 1476 signat.
1864 1383 1937 1453 Ste-

181 1496 307 1593 phanus
331 1512 363 1566 et
384 1495 503 1564 Portus
532 1511 564 1562 et
585 1493 730 1562 nonnulli
752 1519 790 1562 er
812 1491 960 1586 Dionysii
984 1491 1156 1561 editoribus
1187 1491 1341 1561 dederunt
1368 1490 1456 1587 τῇδ’,
1488 1517 1558 1560 curn
1581 1493 1694 1562 eodem
1716 1493 1781 1562 sere
1805 1514 1937 1586 compo·

181 1622 262 1676 nunt
284 1606 380 1675 ceteri
402 1621 546 1674 nostrum
567 1601 647 1675 eride
669 1602 720 1671 vel
741 1608 833 1674 τοίδε
855 1619 890 1672 ut
911 1601 1086 1670 Aeolicum.
1116 1600 1328 1671 Praeiverunt
1348 1617 1470 1670 veteres
1490 1601 1710 1670 Grammatiei.
1740 1600 1939 1696 Hesychiust

58 1805 61 1812 ,
188 1719 271 1803 tet,
295 1713 385 1798 οἶδε’,
399 1715 541 1812 Κρῆτες.
584 1711 631 1779 Et
652 1709 770 1797 Τὺδαι,
795 1710 969 1802 (corrigent
988 1711 1096 1797 redde,
1119 1711 1212 1778 nobis
1234 1711 1377 1780 srdlieere
1398 1710 1520 1780 videtur
1540 1709 1631 1791 adde)
1654 1712 1829 1784 ἐνταῦθα·
1850 1706 1938 1782 Αἶσ-

182 1833 263 1906 dele.
304 1823 414 1896 Schel.
434 1822 527 1890 lliad.
550 1827 577 1905 ξ.
598 1827 690 1902 998.ι
720 1817 789 1891 τόδ’
810 1817 958 1898 ἱκάνεις]
989 1817 1116 1915 μήποτε
1139 1817 1344 1908 bodoma
1370 1819 1419 1910 τῷ
1440 1817 1518 1916 παρ’
1541 1819 1709 1892 Αἰολεῦσι
1733 1824 1841 1894 redde.
1884 1819 1938 1888 De

183 1935 359 2028 significatu
383 1931 471 1999 nulla
493 1947 542 1999 est
564 1928 728 2013 dubitatio,
751 1927 854 1997 forma
875 1927 1006 1996 similius
1028 1944 1138 1996 nostro
1159 1953 1230 1996 esse
1253 1928 1415 2022 vulgatum
1436 1933 1533 2021 τῷδε,
1557 1930 1609 1999 vel
1632 1931 1754 2001 silicet
1779 1929 1841 1999 bec
1861 1953 1938 2026 pro·

181 2043 332 2114 nunciare
359 2048 465 2124 uelde,
490 2039 576 2108 ,vidit
596 2037 831 2108 Valckenarius
853 2038 960 2135 Epist.
983 2038 1026 2106 ad
1048 2035 1188 2106 Roever.
1218 2065 1251 2132 p.
1275 2052 1327 2106 32.
1361 2039 1504 2133 (Opusc.
1531 2065 1566 2134 p.
1586 2048 1674 2120 558.)
1722 2039 1832 2130 Quum
1853 2039 1939 2109 eninr

182 2152 300 2224 Boeoti
323 2151 451 2220 omnino
473 2172 533 2246 pro
556 2161 593 2220 ὃῖ
615 2165 648 2217 et
669 2161 698 2240 φ·
720 2163 752 2216 et
773 2148 806 2215 in
825 2148 984 2217 radicibus
1005 2147 1174 2216 verberum
1197 2164 1229 2215 et
1250 2147 1283 2215 in
1303 2147 1488 2218 flexionibus
1512 2163 1534 2219 ῦ
1556 2149 1754 2243 protulerint,
1777 2164 1812 2217 ut
1833 2147 1940 2217 decuit

181 2261 365 2334 Boeclebius
390 2261 473 2330 Oec.
489 2258 549 2326 civ.
564 2256 682 2326 Athen.
704 2257 748 2325 Τ.
765 2257 806 2324 ll.
822 2285 855 2352 p.
872 2272 947 2342 397,
970 2258 1064 2326 etiam
1088 2255 1168 2324 alios
1185 2255 1302 2326 Aeoles
1326 2256 1420 2326 facile
1443 2258 1555 2327 credas
1577 2283 1638 2354 pre
1660 2267 1722 2329 ποῖ
1741 2258 1858 2326 dixisse
1880 2253 1939 2345 aei,

184 2397 281 2469 quam
303 2371 346 2439 ad
364 2368 645 2463 interrogationem
667 2367 855 2462 responderi
877 2383 1126 2436 consentaneum
1148 2382 1197 2436 est
1217 2363 1260 2438 eei
1283 2383 1315 2436 et
1335 2365 1425 2456 adde,
1450 2391 1533 2461 qnae
1552 2367 1682 2438 voculae
1706 2366 1940 2437 circumflexum

181 2506 249 2552 non
277 2480 380 2574 magis
414 2503 510 2574 quam
537 2474 604 2558 etde
630 2473 804 2572 requirunt.
847 2475 983 2546 Poterat
1008 2477 1102 2571 igitur
1125 2475 1259 2572 simplex
1282 2475 1402 2546 vocalis
1432 2477 1579 2572 probari,
1610 2479 1673 2547 nisi
1701 2476 1885 2547 auctoritate
1907 2491 1940 2545 et

182 2591 333 2684 analogia
353 2587 567 2685 diphthongus
589 2603 733 2658 certaret.
776 2585 937 2681 Analogia
958 2610 1102 2680 qnoque:
1124 2612 1200 2655 nam
1223 2603 1261 2656 et·
1274 2591 1380 2676 μέσοι·
1394 2611 1454 2683 pre
1477 2589 1612 2657 dictione
1635 2589 1675 2659 ἐν
1692 2591 1786 2680 μέσῳ
1801 2587 1939 2656 Aeolen-

183 2702 271 2772 sibus
294 2702 327 2769 in
350 2725 408 2768 usu
432 2698 530 2767 fuisse
553 2715 689 2767 testatur
703 2696 893 2791 Hesychius,
917 2713 949 2765 et
965 2694 1193 2790 Theognostus
1217 2697 1240 2764 f.
1256 2710 1330 2774 105.
1354 2697 1387 2765 in
1401 2695 1541 2766 Belrleeri
1557 2699 1702 2767 Anecdd.
1719 2698 1778 2767 Gr.
1793 2726 1826 2793 p.
1843 2705 1938 2774 1595.

182 2811 227 2882 ita
249 2809 376 2879 scribit:
412 2806 496 2888 Ta't']
520 2804 566 2879 ed
587 2803 762 2887 Αἰολὶκσός
790 2804 849 2878 ded
871 2809 1038 2902 καθαροῦ
1064 2807 1127 2877 τοῦ
1149 2821 1170 2877 ι·
1193 2804 1410 2904 ἐκφερόμενα
1432 2807 1640 2904 βαρύνεται,
1671 2813 1730 2879 καὶ
1753 2807 1810 2879 ded
1832 2806 1895 2878 τοῦ
1918 2819 1940 2876 ι·

182 2917 308 3018 γράφει
328 2917 394 3016 τήν
416 2917 604 3017 λήγουσαν,
633 2921 694 2989 καὶ
716 2913 780 3016 τήν
803 2913 1071 3012 παραλήγουσαν
1093 2912 1152 2988 ded
1173 2915 1237 2988 τοῦ
1259 2931 1299 3004 a,
1327 2921 1387 2987 καὶ
1408 2913 1550 3016 τοπικήν
1574 2921 1690 3008 σχέσιν
1714 2925 1831 3015 δηλοῖ,
1863 2917 1940 2988 οἷον

182 3027 302 3127 neptale,
329 3027 422 3112 eilde,
443 3026 571 3125 chapde·
618 3027 713 3118 Quae
736 3041 900 3121 postrema
921 3024 1091 3094 manifesto
1115 3025 1161 3094 sic
1183 3041 1257 3094 sunt
1278 3026 1480 3120 refingenda:
1513 3027 1628 3122 τηλῠϊ,
1657 3026 1779 3116 etate,
1807 3023 1937 3124 drepdt3

182 3137 259 3210 licet
280 3135 382 3237 πήλοι
408 3138 503 3206 etiam
527 3140 613 3233 apud
634 3136 837 3206 Priscianum
860 3134 882 3203 l.
904 3163 931 3205 e.
954 3136 1142 3230 reperiatur,
1171 3159 1231 3231 pro
1254 3134 1436 3230 vulgaribus
1459 3135 1595 3236 τηλόσε,
1623 3135 1765 3226 ἄλλοσε,
1798 3141 1939 3234 ἑτέρωσε

182 3248 302 3345 posita.
346 3247 498 3317 Attamen
520 3247 712 3344 Apollonius
737 3247 775 3314 de
797 3243 953 3313 Pronem.
976 3273 1010 3339 p.
1026 3244 1080 3327 69.
1102 3247 1189 3344 τῆλυ
1212 3264 1453 3332 commemorat,
1482 3271 1502 3314 a
1523 3249 1604 3344 τῆλε
1626 3248 1820 3317 derivatum:
1853 3247 1938 3340 quod

183 3384 248 3454 qne
272 3373 404 3428 accentu
428 3359 629 3428 scribendum
656 3357 706 3442 sit,
728 3381 794 3424 non
818 3355 1043 3438 diiudieamus3
1074 3354 1136 3424 hoc
1159 3372 1280 3423 certum
1302 3373 1366 3441 est,
1393 3354 1479 3454 τήλσ
1502 3356 1553 3424 vel
1576 3358 1663 3456 τῆλιν
1686 3357 1938 3426 Grammatieum

184 3467 296 3539 baberi
318 3467 400 3570 velle
424 3493 485 3564 pro
509 3469 671 3553 adverbio,
694 3491 758 3536 non
782 3490 842 3561 pre
866 3464 1036 3549 adiectivo,
1062 3466 1115 3558 qui
1138 3465 1171 3532 in
1194 3463 1255 3534 boc
1279 3465 1411 3560 aliisque
1433 3467 1663 3560 ‘significatione
1687 3492 1752 3536 non
1775 3477 1939 3539 mutatae

182 3579 217 3650 in
231 3594 254 3651 ῦ
270 3577 403 3648 transire
428 3580 550 3648 doceat.
582 3579 680 3648 Unde
705 3578 732 3646 si
755 3575 916 3661 discimus,
940 3575 1038 3645 fnisse
1061 3576 1144 3644 inter
1167 3592 1287 3646 veteres
1305 3576 1551 3661 Grammaticos,
1576 3577 1629 3670 qni
1653 3576 1732 3644 illud
1755 3599 1854 3670 genus
1879 3578 1938 3646 ad·

182 3689 364 3760 verbiorum
385 3687 522 3782 simplici
541 3703 564 3758 ῦ
589 3689 803 3771 terminarent,
828 3684 889 3755 boe
911 3685 1004 3754 simul
1028 3703 1172 3782 apparet,
1196 3687 1224 3756 si
1248 3701 1269 3758 ι·
1292 3687 1499 3772 adscribatur,
1523 3687 1635 3754 eadem
1660 3685 1694 3755 id
1716 3687 1841 3781 syllaba
1867 3713 1938 3758 cum

181 3797 501 3896 dpmnunciandmn
526 3823 608 3867 esse.
656 3797 741 3866 Tale
764 3811 796 3885 ι’,
821 3797 906 3890 quod
931 3796 995 3864 vim
1018 3795 1139 3864 litterae
1163 3797 1196 3864 in
1220 3797 1515 3886 metretamitteret,
1545 3821 1615 3862 eum
1639 3794 1809 3866 Prisciano
1832 3797 1937 3892 loqui·

181 3935 263 3995 mur,
286 3908 382 3976 etiam
404 3907 615 4003 inscriptura
637 3906 730 3976 facile
755 3906 967 3975 emittebatur.
998 3905 1097 3997 Quod
1121 3924 1155 3976 ut
1177 3908 1211 3975 in
1234 3905 1347 3975 rectula
1369 3911 1461 3976 ealda
1486 3905 1584 3990 lieret,
1607 3901 1669 3974 hod
1695 3933 1819 4003 qnoque
1843 3933 1937 3978 caus·

182 4043 238 4088 sae
261 4015 361 4086 fuisse
385 4017 524 4104 videtur,
561 4018 800 4112 quodquidam
829 4043 867 4085 ex
891 4017 1120 4086 Grammaticis
1151 4015 1381 4112 diphthongum
1410 4022 1445 4085 ῐῑι
1474 4015 1537 4084 nisi
1561 4035 1711 4110 sequente
1735 4019 1839 4088 vocali
1869 4043 1935 4089 non

181 4129 311 4199 sanent.
358 4125 426 4217 Qui
449 4142 566 4211 autem,
590 4153 684 4221 quum
707 4129 741 4197 in
764 4143 830 4196 toto
854 4126 915 4196 hoc
939 4127 1162 4196 adverbionrm
1186 4153 1301 4221 genere
1326 4124 1559 4220 diphthongum
1582 4128 1788 4223 probassent,
1813 4129 1934 4198 diaere-

183 4263 257 4310 seos
296 4237 422 4330 signum
459 4236 713 4330 adscripserunt,
761 4238 784 4306 ii
821 4236 960 4306 sortasse
996 4236 1076 4306 nibil
1114 4237 1175 4306 nisi
1213 4237 1376 4332 propriam
1412 4234 1625 4306 Aeolensibus
1666 4237 1934 4334 diphthongomm

181 4347 475 4446 pronunciationem
498 4361 675 4415 monstrare
698 4346 858 4432 volebant,
882 4371 977 4441 quam
1001 4348 1133 4416 adrem
1157 4345 1242 4414 inlra
1266 4345 1423 4427 (CXXI.)
1448 4371 1656 4416 recurremus.
1686 4349 1768 4417 Mon
1783 4349 1933 4442 Dionysii

183 4458 278 4528 codd.
300 4455 383 4551 Reg.
408 4467 437 4526 1.
469 4473 501 4527 et
524 4455 619 4525 Colb.
643 4482 715 4524 cum
737 4456 927 4526 Victoriana
959 4485 989 4524 v.
1013 4459 1105 4527 ἐλθέ
1123 4485 1214 4526 ποκα
1237 4453 1310 4526 κατ’
1334 4463 1456 4552 ἔρωτα,
1482 4457 1553 4524 eod.
1573 4455 1706 4526 lllonae.
1730 4461 1819 4556 e’tpd
1841 4455 1934 4530 τόκα

181 4567 210 4641 τ’
234 4573 361 4666 ἔρωτα,
383 4569 507 4663 Apogr.
522 4565 660 4637 Victorii
683 4568 775 4638 ἐλθέ
793 4565 837 4636 no'
859 4565 934 4638 κατ’
955 4573 1078 4663 ἔροιτο,
1102 4589 1237 4659 quocum
1260 4567 1398 4636 concinit
1420 4565 1539 4652 Aldus,
1561 4567 1623 4635 nisi
1648 4567 1732 4660 qued
1756 4593 1793 4636 ex
1817 4595 1860 4638 no
1882 4567 1931 4638 fe-

182 4677 226 4749 cit
248 4709 322 4750 nov.
360 4676 520 4773 Pleraque
544 4675 690 4774 exempla
712 4676 795 4772 typis
819 4700 933 4745 excusa
956 4679 1046 4747 ἐλθέ
1066 4703 1145 4748 aare
1168 4675 1242 4748 κατ’
1266 4684 1388 4774 ἔρωτα.
1424 4678 1469 4746 At
1488 4675 1737 4772 Hephaestionis
1755 4677 1834 4758 edd.
1848 4679 1931 4748 lunt.

182 4804 214 4859 et
239 4787 383 4860 Tumeb.
406 4785 483 4860 ἔλθ’
509 4787 576 4870 (vel
599 4785 692 4868 ἔλθ’)
717 4775 843 4860 'eruore
866 4784 940 4860 κατ’
962 4793 1093 4885 ἔρονται
1122 4787 1155 4857 in
1184 4786 1345 4884 plerisque
1376 4786 1470 4856 codd.
1495 4787 1710 4856 videturesse
1743 4792 1771 4860 t.
1800 4795 1932 4862 al'aoaa
