4242 5300
946 211 1159 347 jd...

176 448 411 519 Grarnmaticus
426 446 459 516 in
471 444 613 515 Auecdd.
626 444 685 512 Gr.
697 441 835 511 Behheri
849 469 882 536 p.
892 458 966 528 473,
982 442 1048 512 iam
1058 440 1250 512 Ruhnkenio
1265 441 1425 540 laudatus.
1447 441 1566 514 Verius
1579 443 1619 512 sit
1629 442 1709 525 πάϊς
1720 469 1762 514 au
1772 451 1845 532 παῖ,
1859 469 1931 514 am·

176 559 285 651 bigas:
309 557 395 626 nullo
411 574 517 625 tamen
532 555 719 623 detrimento
736 553 908 620 sententiae
924 552 956 620 in
971 553 1156 647 praedicato
1171 576 1288 622 nomeu
1303 561 1383 634 παῖς
1399 553 1568 638 omittetur,
1585 581 1643 624 nec
1663 555 1741 624 satis
1763 558 1931 626 commode

177 669 332 738 adiectivo
344 666 562 761 postponitur:
584 662 785 758 compellatio
798 663 933 730 vocativi
948 687 1012 730 uon
1025 663 1149 754 ingrata
1161 677 1219 746 est,
1232 663 1419 755 praesertim
1434 663 1462 731 si
1473 663 1554 732 forte
1570 664 1611 732 ab
1623 662 1673 732 his
1686 665 1847 734 versiculis
1860 689 1931 736 car·

177 806 252 848 meu
266 776 445 873 incipiebat.
478 773 623 844 Probato
639 773 782 842 vocativo
797 781 863 848 παῖ,
874 772 969 841 etiam
985 772 1122 840 Maximi
1137 776 1187 842 ε”τι
1201 771 1306 840 locum
1321 773 1355 841 in
1370 788 1470 842 metro
1485 771 1624 859 habebit,
1648 773 1677 842 si
1692 774 1933 869 scripserimuss

760 879 896 976 Σμικροί
917 911 992 970 μοι,
1020 878 1152 970 παῒ,ἔτ’
1168 886 1316 972 ἔμμεναι

759 997 901 1089 φαίνεαι
922 989 1081 1085 κᾶχαρις.
1555 1041 1574 1068 .,

176 1113 299 1184 Parva
322 1106 416 1189 milri,
440 1127 460 1172 ο
481 1103 617 1194 puella,
642 1101 754 1170 adhuc
777 1125 854 1168 csse
881 1100 1003 1168 videris
1029 1110 1064 1168 et
1084 1100 1274 1168 invenusta.
1316 1097 1497 1194 Volgerus:
1529 1099 1667 1198 Σμινριί
1688 1131 1749 1192 μοι
1769 1099 1848 1183 nu'tt
1869 1108 1935 1193 ἔμ·

178 1219 253 1310 μα’
276 1223 326 1290 ἔτι
354 1220 461 1314 ραίνρ
491 1211 555 1284 κού
583 1219 761 1309 χαρίεσσα.
804 1209 1053 1278 Blomfieldiana
1074 1208 1165 1304 paria
1187 1225 1260 1277 sunt
1281 1210 1419 1295 uostris,
1452 1211 1515 1280 uisi
1541 1213 1627 1305 quod
1648 1211 1727 1294 πάϊς
1749 1212 1846 1282 habet
1872 1237 1934 1308 pro

177 1337 243 1400 παῖ
259 1326 315 1416 ἔτ’,
341 1327 400 1396 scd
417 1323 496 1394 illud
512 1347 571 1418 pro
588 1323 733 1394 vocativo
752 1344 823 1390 esse
843 1318 920 1389 vult.
953 1318 1128 1396 Praeterea
1152 1319 1353 1390 commendat
1373 1326 1493 1410 ἔμμεν,
1515 1336 1548 1392 et
1568 1317 1694 1418 ιγυγρᾶ
1715 1346 1775 1418 pro
1793 1319 1934 1416 σμικρά.

312 1660 476 1730 Maximus
500 1657 621 1752 Tyrius
650 1658 775 1725 dissert
800 1655 926 1726 XXJV.
960 1652 1196 1732 Ἀνθοίπτὲται
1224 1651 1412 1753 Σωκράτης
1438 1655 1484 1750 τῇ
1496 1679 1499 1687 ’
1512 1653 1700 1748 Ξανθίιυτρ
1727 1655 1933 1752 ὀδυρομένῃ,

179 1771 234 1844 ὅτι
253 1768 486 1861 ἀπέθνησκεν,
508 1768 530 1865 ἡ
553 1767 592 1837 dd
610 1762 742 1863 Σαπφω
763 1766 806 1862 τῇ
828 1771 995 1862 θυγατρί·
1018 1762 1072 1836 Ου’
1095 1761 1163 1862 γαρ
1185 1767 1288 1854 θέμις
1310 1768 1350 1837 ἐν
1370 1753 1595 1854 μουσοπόλων
1615 1762 1711 1856 οἰκίᾳ
1727 1767 1867 1863 θρῆνον
1887 1768 1933 1839 εί·

178 1909 249 1965 ναι,
271 1877 336 1951 οὐκ
358 1880 446 1967 ἄμμι
467 1880 582 1973 πρέπει
602 1875 693 1946 τάδε.

316 1987 422 2059 Εἶναι
442 1985 559 2054 Aeolus
581 2009 646 2052 non
666 1985 762 2052 modo
784 1977 819 2052 in
838 1983 938 2078 poesi,
962 1983 1020 2052 sed
1041 1982 1137 2050 ueiu
1157 1982 1281 2076 vulgari
1303 1983 1430 2077 quidem
1450 2007 1595 2053 sermone
1615 2001 1740 2070 norunt,
1762 2001 1798 2054 ut
1819 1987 1935 2056 donent

180 2098 281 2168 tituli:
305 2117 401 2190 quare
425 2122 495 2164 cum
518 2093 712 2163 Blumfieldo
736 2093 937 2161 scribendum
959 2108 1008 2160 est
1030 2097 1184 2180 ἔμμεναι
1218 2089 1297 2160 Non
1319 2093 1518 2186 assequimur
1539 2111 1653 2179 autem,
1677 2118 1741 2188 quo
1764 2117 1933 2188 argumen-

180 2225 214 2278 to
238 2205 409 2303 Sapphoui
437 2205 549 2297 religio
574 2205 617 2271 sit
637 2202 821 2287 lamentari,
850 2203 924 2295 quia
949 2200 1010 2270 hae
1034 2195 1130 2270 aedes
1160 2225 1180 2268 a
1202 2201 1373 2272 Musarum
1400 2202 1579 2272 cultricibus
1601 2203 1798 2289 habitentur,
1828 2205 1934 2274 idest

129 2329 135 2338 ’
180 2319 317 2411 abipsa
346 2333 378 2385 et
400 2314 476 2382 filia.
519 2314 586 2388 Aut
607 2311 791 2380 indecorum
814 2310 981 2380 dicendum
1005 2326 1087 2394 erat,
1116 2335 1182 2378 nou
1204 2310 1311 2395 nefas,
1344 2311 1372 2380 si
1395 2338 1432 2380 ex
1454 2303 1504 2380 his
1528 2313 1675 2398 aedibus,
1708 2337 1786 2406 quas
1809 2315 1935 2409 poetria

175 2427 373 2523 possideret,
396 2422 543 2519 planctus
567 2420 802 2499 exaudirentur3
825 2436 878 2488 aut
901 2420 929 2488 si
950 2419 1090 2488 nefariae
1113 2421 1169 2504 rei,
1195 2444 1257 2514 qua
1280 2421 1410 2489 deorum
1431 2447 1548 2490 numen
1570 2422 1716 2507 violatur,
1738 2422 1855 2492 retines
1879 2448 1933 2494 co-

163 2537 380 2630 gitationem,
404 2533 532 2600 aedium
554 2553 671 2597 nomen
693 2529 961 2598 circumlocutioni
985 2544 1105 2598 tantrsnr
1127 2530 1277 2600 inserviet
1298 2530 1394 2599 nimis
1416 2531 1519 2616 inani,
1547 2553 1643 2625 quum
1664 2530 1755 2600 nefas
1779 2547 1850 2602 esse
1873 2532 1934 2602 hoc

182 2633 382 2738 significetur,
407 2640 434 2708 si
457 2640 625 2708 Musarum
648 2639 806 2708 antistites
828 2663 1012 2732 quocunque
1036 2638 1107 2710 loco
1129 2638 1376 2709 lamentationes
1399 2641 1506 2709 edant.
1552 2636 1653 2710 Nulla
1675 2641 1760 2709 enim
1782 2643 1934 2712 sanctitas

181 2754 313 2824 aedibus
336 2750 374 2820 iis
399 2749 561 2833 tribuatur,
586 2773 664 2842 quas
688 2749 841 2837 obtinent,
866 2774 945 2842 quae
964 2748 1080 2818 Musas
1105 2747 1228 2830 colunt3
1251 2748 1338 2817 nulla
1360 2749 1410 2834 iis,
1434 2773 1513 2843 quas
1533 2749 1616 2818 aliae
1638 2748 1798 2836 mulieres,
1820 2751 1935 2834 iisdem

182 2863 282 2932 sacris
305 2876 486 2953 operantes,
511 2859 598 2926 adire
622 2859 741 2926 solent:
765 2858 793 2925 si
817 2859 886 2951 quis
909 2857 991 2926 sorte
1014 2858 1056 2927 ad
1075 2857 1134 2925 has
1159 2883 1269 2928 omnes
1288 2857 1515 2948 μουσοπόλων
1535 2884 1652 2927 nomen
1674 2886 1758 2929 nnnc
1775 2861 1934 2955 pertinere

181 2970 349 3068 putaverit.
386 2969 454 3039 Sed
477 2992 496 3034 a
519 2968 649 3036 deorum
673 2969 854 3061 praesentia
877 2967 968 3039 fletus
993 2967 1189 3052 cohibentur,
1212 2967 1312 3062 pollui
1335 2969 1373 3035 iis
1396 2984 1525 3062 putatur
1546 2968 1633 3037 locus
1658 2970 1698 3037 ab
1721 2968 1800 3064 ipsis
1824 2971 1933 3039 risita-

181 3099 242 3166 tus,
266 3080 356 3148 nefas
375 3095 424 3146 est
446 3077 521 3145 talia
543 3077 643 3144 audiri
666 3102 730 3144 non
752 3077 786 3144 in
805 3077 900 3143 domo
916 3075 1154 3165 μουσοπόλων,
1177 3078 1234 3144 sed
1251 3077 1478 3167 Μουοοπόλῳ,
1503 3080 1599 3148 domo
1617 3077 1813 3172 Sapphonis,
1837 3105 1935 3174 quam

182 3192 301 3261 Musae
332 3189 531 3281 frequentare
561 3211 627 3254 non
650 3186 869 3277 dedignantur.
913 3185 1085 3252 Postremo
1107 3210 1284 3278 pronomen
1306 3185 1387 3258 τάδε
1408 3187 1544 3272 indicat,
1573 3189 1765 3280 antegressis
1789 3190 1934 3258 versibus

130 3304 132 3312 ’
181 3297 259 3372 talia
281 3299 423 3395 poetriae
447 3297 611 3379 excidisse,
634 3311 766 3388 propter
790 3318 870 3387 quae
894 3291 943 3360 his
967 3294 1072 3364 verbis
1097 3317 1131 3361 se
1154 3294 1226 3386 ipsa
1247 3293 1466 3387 reprehendit,
1490 3296 1530 3364 ab
1554 3296 1757 3366 adversativa
1778 3299 1934 3393 particula

182 3410 349 3507 incipiens,
374 3431 437 3502 qua
460 3406 601 3501 reposita
624 3405 737 3496 integri
760 3427 870 3472 versus
896 3401 1098 3498 Asdepiadei
1123 3403 1184 3471 dno
1209 3404 1410 3471 restituentur
1433 3395 1532 3474 talesr

643 3509 773 3593 [Ἀλλ’]
798 3509 840 3581 οὐ
864 3508 932 3608 γαρ
956 3515 1061 3603 θίμις
1084 3515 1123 3584 ἐν
1145 3511 1348 3601 Μοιοοπόλςο
1372 3510 1467 3602 οίκίᾳ

642 3621 780 3720 θρῆνον
804 3627 965 3711 ἔμμεναι,
995 3621 1058 3694 orire
1082 3622 1170 3710 ἄμμι
1193 3625 1308 3717 πρέπει
1329 3620 1419 3696 τάδε.

181 3737 254 3808 Sed
274 3737 360 3806 haec
383 3760 446 3806 nos
471 3759 541 3807 non
565 3734 701 3815 decent,
730 3729 830 3828 urfits
856 3743 908 3798 est
931 3732 1019 3799 euim
1042 3733 1076 3800 iu
1101 3733 1201 3800 dorne
1225 3732 1337 3800 Musis
1365 3733 1504 3802 visitata
1528 3733 1679 3802 lamenta
1702 3760 1789 3806 esse.

997 3949 1119 4020 XXIX.

315 4058 570 4152 Etymologicum
593 4060 752 4154 Magnum
776 4087 808 4154 p.
825 4075 856 4143 Ω,
872 4069 925 4137 45.
954 4057 1129 4154 Ἀβανὴς·
1158 4061 1325 4154 κέχρηται
1347 4056 1443 4150 αὐτῷ
1464 4057 1609 4157 Σαπφω,
1632 4063 1723 4134 οἷον·
1750 4062 1863 4136 Ἀλλά
1885 4094 1936 4147 τις

182 4174 247 4247 οὐκ
268 4179 378 4264 ἔμμεν
397 4166 611 4259 παλιγκότων
631 4168 801 4264 ὀργάνων,
822 4166 1052 4265 ἄλλ’ᾰβακὴν
1073 4162 1140 4236 coir
1159 4171 1271 4263 φρένα
1291 4175 1374 4260 ἔχω’
1395 4167 1474 4240 α’ντὶ
1494 4171 1556 4239 τοῦ
1575 4167 1719 4264 ἡσύχιον
1738 4179 1799 4244 καὶ
1813 4175 1938 4271 πρᾷον.

315 4279 407 4348 Fulv.
423 4278 561 4344 Ursinus
584 4303 622 4344 ex
643 4279 837 4348 coniectura:
858 4275 971 4349 Ἀλλά
989 4304 1039 4355 τις
1058 4273 1122 4346 οὐκ
1142 4277 1222 4364 ἐμμὶ
1242 4283 1447 4368 παλίγκοτος
1466 4277 1587 4374 ὁργοὶν,
1607 4297 1691 4348 recte
1713 4283 1821 4352 omnia
1840 4308 1935 4378 prae-

185 4411 231 4463 ter
255 4396 472 4480 ποιλίγνοτος,
503 4386 589 4477 quod
618 4411 676 4479 pro
700 4386 914 4478 παλιγκότων
937 4411 1002 4454 non
1031 4402 1080 4454 est
1103 4387 1325 4454 necessarium.
1374 4389 1580 4481 Quamquam
1607 4389 1691 4457 enirn
1720 4391 1837 4462 suffieit
1863 4419 1936 4463 cum

184 4501 378 4593 verbo'rlpt
402 4510 598 4570 constructus
624 4495 709 4562 solus
735 4498 889 4586 genitivus
913 4494 1056 4590 pluralis,
1080 4520 1145 4562 non
1170 4489 1283 4565 desunt
1306 4513 1412 4564 tamen
1437 4497 1536 4566 additi
1559 4525 1608 4576 τις
1631 4498 1682 4566 vel
1705 4501 1753 4580 εἷς
1777 4505 1935 4598 exempla.

184 4611 234 4679 Ut
256 4610 344 4679 brevi
368 4605 472 4702 spatio
497 4621 544 4671 ter
568 4601 663 4670 Plato
689 4602 842 4695 Sophiste
865 4633 897 4697 p.
915 4617 988 4674 αδδ.
1005 4631 1034 4672 a.
1050 4605 1081 4676 h.
1109 4606 1178 4675 τῶν
1203 4603 1334 4702 γοήτων
1357 4612 1426 4676 ἕίπι
1447 4634 1513 4693 τις,
1540 4605 1611 4676 τοῖν
1633 4608 1693 4704 τῆς
1716 4611 1853 4691 παιδιᾶς
1873 4643 1938 4702 με.

184 4714 357 4810 τεχόντων
378 4719 451 4789 ἕοτί
465 4741 514 4794 τις
536 4711 663 4807 μιρῶν,
685 4711 748 4784 ου’ττ
765 4711 1020 4807 ίκᾳωίξεταιτὸ
1041 4711 1090 4811 μή
1105 4712 1145 4784 ου’
1164 4717 1227 4784 τοῦ
1248 4719 1369 4805 γένους
1387 4715 1475 4788 εἶναι
1496 4715 1559 4788 τοῦ
1573 4716 1642 4790 ταῖν
1662 4722 1938 4808 θαυματοποιῶν
