4242 5300
202 455 272 555 γάρ
293 459 452 554 ι”ιτμινχίν
467 457 517 549 τῷ
535 455 683 550 τοοοάτφ
698 455 817 556 χρόνω
837 458 886 550 τῷ
905 463 1199 558 μνημονευομένῳ
1218 467 1390 558 φανεῖσαν
1412 487 1492 532 τινα
1514 468 1666 552 γυναῖκα
1688 459 1876 553 ἐνάμιλλον
1896 463 1954 537 ori-

204 569 245 642 dt
268 563 360 640 κατά
381 564 510 664 μικρόν
533 567 647 666 ι’κὲέηχ
669 567 827 667 ποιήσεως
849 566 964 666 χάριν.
1018 569 1112 660 Quae
1134 571 1292 664 excerpsit
1310 569 1497 639 Eustatbius
1525 571 1560 640 in
1578 570 1717 666 Dionys.
1737 573 1865 667 Perieg.
1879 585 1955 658 537.

205 677 389 772 Tamquam
413 678 543 772 proprio
567 679 695 746 nomine
718 679 875 773 poetriam
900 680 962 748 dici
990 680 1099 750 scribit
1124 680 1268 750 Galenus
1292 679 1454 776 Protrept.
1484 705 1511 748 c.
1537 695 1574 766 2,
1605 697 1788 776 tantumque
1816 683 1954 754 mulieri·

203 787 263 858 bus
288 787 381 882 poesi
402 803 581 883 praestare,
609 803 760 881 quantum
781 788 856 856 viris
881 789 1059 858 Homerum
1078 789 1247 884 Antipater
1271 807 1379 858 censet
1401 790 1435 858 in
1454 789 1586 858 Antbol.
1607 789 1683 858 Pal.
1703 790 1781 877 Vll,
1805 793 1955 884 15.1Un·

205 897 245 968 de
270 898 323 990 qni
346 896 472 965 seminis
496 895 667 966 versiculos
691 896 879 966 facientibus
904 898 1028 968 adulari
1051 897 1179 984 vellent,
1201 924 1274 968 cum
1295 897 1470 994 Sappbone
1494 921 1548 968 eas
1573 915 1693 970 certare
1716 901 1955 994 praedicabant,

203 1021 240 1076 nt
267 1004 411 1076 Catullus
439 1004 582 1092 35,·16.
610 1005 727 1075 miselli
755 1005 917 1092 homines,
949 1008 988 1077 de
1020 1009 1131 1102 quibus
1154 1007 1316 1078 Lucienus
1345 1009 1385 1078 de
1410 1033 1508 1078 merc.
1535 1008 1630 1078 cond.
1658 1033 1686 1076 c.
1709 1024 1764 1090 75.
1794 1009 1956 1080 Martialis

204 1114 285 1200 Vll,
304 1115 358 1198 69.
387 1116 426 1182 ln
450 1113 644 1209 sapientibus
665 1133 811 1185 numerat
828 1115 927 1186 Plato
950 1117 1102 1186 Phaedro
1126 1146 1160 1214 p.
1181 1127 1256 1186 2³5.
1280 1118 1313 1186 b.
1338 1143 1365 1186 c.
1393 1118 1484 1213 eique
1507 1115 1682 1187 laudationi
1705 1117 1874 1187 subscribit
1892 1122 1955 1188 Ae-

204 1223 307 1294 lianus
330 1223 377 1294 V.
407 1224 454 1292 H.
477 1224 556 1309 Xll,
593 1239 644 1307 19.
685 1223 877 1295 Plutarchus
902 1227 941 1296 de
965 1250 1051 1300 orac.
1074 1227 1172 1322 Pytlr.
1199 1227 1243 1296 T.
1267 1225 1326 1295 IX.
1350 1254 1384 1323 p.
1400 1226 1476 1294 056.
1510 1226 1602 1295 Hutt.
1629 1223 1708 1318 Οὐχ
1732 1227 1828 1324 ὁρᾷς,
1855 1227 1957 1311 εἶπεν,

204 1332 291 1431 ὅσην
314 1331 420 1430 χάριν
443 1339 517 1426 ἔχει
536 1330 584 1406 τά
606 1333 768 1433 Σαπφικά
788 1339 896 1434 μέλη,
922 1335 1100 1434 κηλοῦντα
1124 1339 1184 1407 καὶ
1206 1339 1476 1427 καταθέλγοντα
1500 1333 1581 1416 τούς
1603 1334 1865 1432 άκροαμι’νους,·
1912 1339 1958 1408 Et
1996 1351 2005 1360 ’“

204 1443 355 1540 Sympos.
372 1443 449 1529 Vll,
466 1453 497 1512 8.
532 1443 695 1542 Σαπφοῦς
716 1443 977 1542 ἀναδεχομένης
1000 1449 1059 1517 καὶ
1081 1446 1151 1517 τῶν
1164 1441 1427 1542 Ἀνακράιντος,
1452 1442 1518 1536 ε’χά
1540 1475 1599 1534 μοι
1622 1444 1722 1530 δοκοῖ,
1736 1450 1958 1518 καταθέσθαι

203 1551 246 1626 τό
268 1553 429 1650 ποτήριον
452 1550 668 1644 αἰδούμενος.
693 1554 783 1623 Idem
803 1555 837 1623 iu
856 1555 1022 1624 Amatoris
1046 1554 1092 1626 Τ.
1103 1555 1176 1624 ΧΠ.
1192 1581 1225 1650 p.
1238 1569 1291 1632 tra.
1314 1554 1444 1649 diguam
1469 1554 1640 1639 existimat,
1666 1577 1746 1648 quae
1771 1555 1856 1649 apud
1879 1555 1957 1624 Mu·

204 1686 259 1733 sas
280 1679 552 1733 commemoretur.
576 1663 660 1759 Ipsis
681 1662 788 1732 Musis
813 1681 1021 1732 annumerant
1041 1664 1319 1758 Epigrammatum
1333 1681 1463 1788 poetae,
1483 1663 1591 1748 Plato,
1612 1663 1780 1758 Antipater
1795 1664 1956 1751 Sidonius,

204 1772 446 1842 Dioscorides
436 1799 471 1841 m
493 1770 625 1840 Antbol.
640 1770 715 1841 Pal.
735 1771 798 1856 IX,
818 1770 893 1840 506.
911 1771 964 1838 66.
984 1771 1065 1856 Vll,
1085 1789 1136 1850 te.
1154 1786 1231 1855 107.
1254 1775 1362 1841 nescio
1387 1774 1456 1868 quis
1479 1773 1597 1842 ibidem
1619 1771 1668 1839 IX
1672 1782 1774 1858 ,571.
1797 1773 1956 1842 Ausonius

204 1881 319 1977 Epigr.
331 1896 391 1962 30,
414 1879 685 1950 immortalitatem
699 1881 820 1950 nomini
834 1896 866 1949 et
880 1867 1070 1948 carminibus
1085 1881 1273 2004 promittupt
1286 1881 1432 2004 Pinytus,
1454 1878 1582 1948 Tullius
1597 1826 1726 1950 Lauiea
1745 1899 1777 1950 et
1792 1881 1871 1950 alius
1889 1883 1956 1976 qui·

206 1991 314 2062 dam
305 2019 338 2059 ιιι
361 1988 492 2062 Antbol.
508 1988 582 2058 Pal.
592 1988 670 2075 vlt,
686 1990 735 2058 16.
752 2006 801 2072 17.
816 1989 874 2074 ΙΧ,
886 2001 962 2058 521.
992 1989 1079 2060 Inter
1102 1987 1245 2058 inclita
1234 1990 1363 2082 ingenia
1386 1989 1530 2058 Asiatica
1553 1988 1708 2057 locum
1680 2015 1710 2058 er
1734 1992 1879 2083 assignat
1895 1995 1956 2062 So·

205 2098 288 2170 liuns
308 2116 400 2178 ota.
425 2098 563 2168 Lesbios
584 2098 691 2168 bac
664 2125 731 2168 crve
746 2096 899 2192 gloriatos
924 2099 969 2169 ait
982 2095 1143 2172 Lucianus
1159 2100 1269 2167 Amor.
1287 2123 1314 2166 c.
1325 2112 1379 2183 30,
1401 2097 1572 2191 imaginem
1591 2097 1657 2166 eius
1677 2099 1717 2167 in
1728 2095 1864 2168 irnmmis
1880 2101 1956 2195 My-

80 2225 84 2230 “
205 2209 421 2280 tilenaeorum'
437 2231 622 2305 expressam
644 2207 743 2278 luisse
766 2225 899 2277 testatur
913 2207 1030 2279 Pollux
1044 2208 1102 2293 IX,
1115 2208 1146 2294 6,
1160 2217 1213 2292 80,
1230 2233 1323 2302 quem
1347 2207 1502 2276 honorem
1525 2207 1554 2274 ei
1578 2201 1769 2300 quamquam
1791 2207 1914 2278 mulieri
1938 2233 1957 2278 a

206 2319 326 2389 civibus
346 2318 489 2389 babitnnr
508 2342 574 2388 non
595 2319 688 2388 dubie
708 2317 865 2411 significat
879 2317 1068 2385 Aristoteles
1084 2315 1181 2387 Rbet.
1199 2317 1303 2402 Π,03.
1328 2317 1475 2386 Statuam
1495 2313 1695 2385 aSilanione
1719 2341 1758 2384 ex
1777 2339 1850 2387 aere
1866 2344 1956 2412 egre·

205 2428 257 2523 gie
280 2427 414 2515 saetam,
448 2445 481 2500 et
507 2451 528 2498 a
550 2425 656 2498 Verre
681 2426 720 2496 de
744 2444 899 2523 prytaneo
924 2428 1199 2521 Syracusanorum
1228 2424 1402 2518 sublatam,
1436 2420 1656 2520 cognoscimus
1684 2451 1723 2494 ex
1747 2426 1901 2496 Cicerone
1924 2428 1958 2500 in

204 2538 356 2623 Ver-ull,
369 2555 399 2623 t,
412 2547 465 2620 57.
490 2553 522 2607 et
541 2537 682 2606 Tatiano
707 2554 787 2606 orat.
811 2537 854 2606 ad
878 2537 1021 2606 Graecos
1046 2562 1073 2610 c.
1087 2547 1140 2605 52.
1169 2534 1330 2606 Psaltn'ae
1353 2534 1464 2628 babitu
1485 2535 1631 2631 pinxerat
1655 2533 1759 2621 Leon,
1784 2551 1863 2606 teste
1886 2536 1957 2607 Pli-

203 2647 259 2720 nio
273 2648 319 2716 Η.
331 2644 376 2717 Ν.
393 2645 599 2747 xxxmo.
627 2647 791 2737 Quoniam
809 2663 925 2733 antem,
949 2646 1003 2741 qui
1021 2645 1142 2715 nummi
1157 2644 1342 2742 Sapphonis
1359 2645 1497 2738 imagine
1521 2644 1638 2738 signati
1656 2667 1799 2739 quaeque
1817 2646 1959 2730 eiusdem

203 2755 327 2851 effigies
350 2756 446 2826 bodie
471 2773 596 2826 exstare
620 2757 778 2842 dicuntur,
809 2772 932 2824 tautum
956 2780 1022 2826 non
1045 2779 1156 2824 omnes
1181 2757 1346 2824 doctorum
1369 2752 1533 2822 bominum
1560 2753 1755 2849 suspiciones
1782 2771 1958 2842 moverunt,

205 2867 273 2938 cius
297 2891 371 2936 vero
395 2867 526 2952 nummi,
552 2891 646 2961 quern
666 2852 864 2934 Welclrertis
888 2867 923 2934 in
946 2864 1028 2934 libro
1054 2867 1093 2934 de
1116 2865 1258 2935 moribus
1284 2863 1469 2960 Sapphonis
1494 2890 1530 2957 p.
1544 2879 1594 2930 11.
1619 2884 1640 2929 a
1661 2861 1895 2956 Broeudstedio
1918 2891 1959 2934 ex

208 2975 348 3046 Graecia
370 2974 503 3044 allatum
527 2975 645 3062 scribit,
668 2976 812 3044 nondum
834 2975 953 3071 publici
976 2975 1051 3044 iuris
1075 2973 1162 3043 lacta
1181 2985 1234 3042 'est
1258 2973 1439 3068 descriptio,
1463 2994 1564 3065 neque
1584 2971 1677 3040 nobis
1699 2973 1839 3066 contigit,
1862 2991 1897 3042 ut
1919 2975 1957 3044 li-

206 3086 299 3156 brum
323 3085 362 3154 de
385 3085 576 3178 imaginibus
601 3083 785 3180 Sapphonis
811 3101 843 3154 et
865 3083 977 3154 Alcaei
998 3084 1033 3175 in
1055 3083 1188 3153 vasculo
1212 3083 1342 3176 antiquo
1366 3081 1459 3177 pictis
1482 3079 1697 3150 Vindobonae
1722 3104 1752 3150 a.
1772 3090 1866 3152 1030.
1889 3085 1955 3153 edi·

206 3210 273 3278 tum
295 3195 491 3266 rideremuss
514 3211 614 3264 totam
637 3193 721 3263 banc
745 3195 963 3288 quaestionem
985 3193 1020 3262 in
1043 3193 1128 3262 aliud
1151 3210 1275 3288 tempus
1301 3189 1430 3260 dislerre
1454 3189 1582 3284 placuit

341 3304 463 3395 Quanti
491 3305 532 3374 ab
566 3303 654 3373 ornui
668 3303 804 3380 erudita
827 3303 1010 3398 antiquitate
1040 3303 1164 3400 poetria
1187 3319 1299 3371 nostra
1329 3300 1495 3370 aestimata
1518 3299 1573 3384 sit,
1613 3298 1647 3368 id
1679 3299 1805 3394 quidem
1834 3301 1957 3372 idoneis

206 3413 394 3487 testimoniis
419 3429 469 3484 est
491 3413 747 3510 comprobatum.
780 3437 844 3509 qua
872 3437 947 3482 vero
975 3412 1128 3508 peculiari
1152 3413 1263 3480 virtute
1287 3426 1393 3479 tantas
1417 3409 1527 3478 laudes
1551 3409 1713 3493 meruerit,
1743 3408 1794 3476 vel
1818 3435 1855 3476 ex
1878 3411 1957 3506 ipsis

206 3523 345 3620 reliqniis
375 3524 426 3594 vel
454 3551 493 3594 ex
523 3549 631 3594 eorum
654 3523 776 3592 iudiciis
801 3525 1049 3593 existimatorem
1079 3521 1335 3615 cognoscendum
1365 3519 1441 3606 erit,
1475 3519 1527 3613 qui
1558 3518 1702 3587 disertius
1731 3518 1957 3612 proprietatem

208 3635 382 3704 carminum
402 3636 468 3704 eius
493 3635 737 3729 descripserunt.
767 3634 878 3729 Itaque
898 3633 1073 3727 Dionysius
1096 3629 1396 3700 Halicarnassensis
1424 3572 1464 3696 de
1486 3653 1590 3751 comp.
1582 3624 1691 3694 .verb.
1717 3640 1808 3693 emas
1825 3653 1955 3724 compo-

209 3743 315 3813 sitioni
337 3743 454 3837 politae
478 3761 510 3814 et
531 3759 681 3814 venustae
706 3767 778 3813 eam
801 3745 895 3814 docet
918 3743 1060 3826 studere,
1090 3740 1125 3810 id
1147 3757 1197 3809 est
1219 3738 1282 3824 illi,
1316 3763 1395 3833 quae
1423 3762 1489 3805 non
1513 3736 1585 3828 sing
1565 3733 1708 3802 culorum
1732 3736 1957 3808 vocabulorum

208 3876 247 3924 ac
273 3877 425 3921 sonomm
446 3853 713 3948 magnificentiam
737 3869 769 3923 et
791 3855 979 3948 gravitatem
1003 3849 1150 3935 allectat,
1184 3850 1243 3919 sed
1270 3864 1302 3917 et
1324 3848 1454 3916 uomina
1482 3861 1514 3914 et
1536 3843 1678 3911 membra
1703 3845 1854 3914 orationis
1884 3862 1957 3942 apte

209 3961 373 4057 colligari,
402 3963 570 4057 omniaque
593 3963 727 4058 periodo
751 3963 897 4034 concludi
918 3960 1017 4047 itibet,
1040 3977 1075 4030 nt
1098 3960 1199 4028 oratio
1222 3956 1312 4028 molli
1334 3972 1366 4026 et
1388 3955 1535 4024 contiuuo
1558 3951 1685 4044 llumine
1710 3955 1848 4047 quodaru
1869 3956 1957 4026 dela·

207 4073 311 4159 batur,
334 4088 528 4168 quapropter
550 4074 646 4142 etiam
667 4073 817 4142 membris
841 4073 1030 4142 immodicae
1054 4069 1258 4163 longitudinis
1281 4083 1313 4135 et
1336 4065 1480 4134 concisae
1499 4041 1661 4131 brevitatis
1686 4087 1784 4156 aeque
1809 4065 1955 4138 abstinet.

210 4183 307 4255 Cuius
331 4182 377 4252 rei
400 4179 578 4277 exemplum
602 4180 697 4251 allert
720 4207 847 4252 carmen
870 4182 1018 4279 primurn.
1051 4179 1179 4249 Eadem
1201 4175 1328 4248 tradit
1319 4201 1352 4242 nr
1367 4171 1448 4240 libro
1475 4174 1513 4241 de
1535 4201 1565 4240 vr
1557 4172 1711 4242 dicendi
1725 4173 1955 4244 Demosthenis

86 4345 88 4348 ψ
208 4273 329 4390 ptssss.
351 4290 533 4362 Demetrius
553 4307 658 4360 autem
676 4291 979 4365 deelocutc.132.
1004 4279 1834 4414 Εἰισιαῑμὲνἰντοιςπραγμασιχᾰριτειοιον
1852 4285 1954 4374 Νυμ-

208 4409 307 4502 φαιοι
322 4404 430 4500 κῆποι,
446 4401 614 4536 ὑμένφιφι,
631 4406 762 4497 ἔρωτες,
781 4400 885 4530 ὅλη
863 4433 885 4497 η
908 4400 1071 4498 Σαπφοῦς
1087 4404 1223 4494 ποίησις*
1243 4423 1287 4464 τα
1304 4423 1373 4490 γαρ
1389 4393 1541 4478 τοιαῦτα,
1564 4392 1634 4462 κᾶν
1650 4393 1714 4462 ὑπο
1706 4389 1956 4474 Ἱππώνακτος

209 4516 360 4645 λέχητφι,
381 4508 549 4608 χαρίεντά
569 4512 647 4598 ἐστι,
671 4513 731 4580 καὶ
749 4507 834 4580 αὐτο
825 4508 978 4606 ἱλαρόν
994 4505 1035 4580 τά
1054 4509 1198 4602 πφιὶχμα
1216 4507 1286 4588 ιζ’
1268 4502 1401 4574 εαυτοῦ·
1422 4501 1532 4579 οὐδεὶς
1548 4498 1615 4595 γάρ
1630 4502 1677 4572 ἂν
1692 4501 1889 4628 ὑμέναιον
1876 4501 1956 4575 ἅδοι

209 4619 440 4720 ὀργιζόμενος,
463 4619 607 4692 οὐδέ
566 4649 629 4693 τον
644 4621 786 4716 Ἔρωτα
806 4617 972 4716 Ἐριννυν
994 4615 1119 4711 ποιήσει
1140 4618 1179 4687 ἐν
1200 4645 1243 4710 τη
1267 4618 1431 4712 ἑρμηνεία
1451 4643 1473 4707 η
1458 4613 1660 4700 Γίγαντα,
1684 4605 1826 4678 οὐδέ
1784 4637 1824 4678 το
1846 4613 1954 4700 γελᾶν

208 4736 352 4804 κλαίειν.
394 4729 664 4830 1510166167.
690 4732 744 4804 H
753 4725 883 4830 Σαπφοι
904 4731 993 4826 περὶ
1001 4728 1070 4818 μέν
1086 4724 1237 4806 κάλλους
1252 4723 1391 4820 ᾅδοιιοά
1399 4715 1580 4816 καλλιεπὴς
1596 4719 1664 4788 ἐστι
1686 4719 1746 4787 καὶ
1761 4717 1873 4816 poeta,
1895 4725 1954 4792 καὶ

1591 4837 1636 4906 [9]
