4274 5290
1033 195 1186 335 το

956 348 1027 358 ι-ι
1032 345 1170 356 --ι-ι-

191 483 246 528 sus
270 458 396 527 videtur
416 460 573 550 integrum
595 479 680 540 esse,
711 480 770 523 nec
794 453 965 523 dissimilia
986 469 1059 522 sunt
1081 452 1206 548 priora,
1238 450 1265 519 si
1286 449 1368 520 sorte
1390 468 1467 546 post
1488 439 1676 524 vocabulum
1696 461 1800 552 φίλος
1821 478 1946 522 nomen

71 640 76 651 ⁴
191 569 357 664 proprium
379 568 447 648 viri,
462 566 652 660 disyllabum
674 565 835 633 exciderit.
880 564 977 632 Unde
1000 589 1065 631 non
1088 562 1278 632 assentimur
1299 560 1458 646 Bentleio,
1483 563 1538 656 qui
1559 563 1666 658 Epist.
1690 565 1733 632 ad
1752 562 1941 632 Hemsterlr.

193 705 225 774 p.
241 679 301 765 65,
332 676 434 748 noim
456 693 487 744 et
508 673 555 746 ἐπ’
568 672 636 747 ὄοσ’
661 675 862 768 reponendo,
894 674 936 741 ad
958 672 1204 742 choriambicam
1225 672 1382 740 rationem
1408 671 1470 741 hoc
1491 672 1705 764 fragmentum
1725 673 1943 743 revocandum

82 833 84 841 ‹
194 788 333 858 censuit:
357 787 443 880 quod
467 787 625 854 decretum
648 783 698 852 vel
721 783 781 852 hac
803 808 837 851 re
859 782 1050 867 insumatur,
1074 783 1160 876 quod
1182 782 1340 885 correptior
1362 781 1503 875 syllabae
1526 779 1593 855 coir
1614 800 1782 877 poetarum
1802 782 1942 852 Acolcn·

195 899 279 966 sium
301 896 485 966 auctoritate
508 895 623 962 muniri
647 893 766 986 nequit,
790 891 862 960 licet
883 892 962 960 talia
984 893 1119 960 doceant
1141 891 1278 960 Ioannes
1303 890 1538 961 Grammaticus
1561 892 1693 962 Praecc.
1717 909 1783 962 ton.
1806 917 1839 986 p.
1856 908 1888 959 3.
1911 907 1945 958 et

193 1006 436 1076 Choeroboscus
459 1005 493 1073 in
507 1003 646 1073 Bet-teri
660 1002 805 1072 Anecdd.
829 1001 889 1070 Gr.
911 1013 1054 1095 p.1200.
1099 998 1173 1074 Ἐπ’
1199 997 1267 1072 doo'
1291 1001 1447 1072 dederunt
1468 1002 1565 1070 etiam
1587 999 1751 1110 Yolgents
1774 1018 1806 1070 et
1827 1000 1942 1069 Blom-

192 1115 314 1185 fieldus.

1009 1327 1129 1398 LXIII.

325 1441 526 1537 Hephaestio
548 1469 581 1537 p.
573 1456 670 1510 .102.
709 1437 798 1514 Td’
779 1471 819 1514 ικ
840 1440 903 1512 delo
922 1439 1167 1536 χοριαμβυτῶν
1189 1439 1438 1540 ι’ρθημιμεραῖν
1456 1437 1527 1512 coir
1543 1436 1598 1519 εἰς
1610 1435 1674 1538 τήν
1694 1432 1862 1536 ἶαμβιτιήν
1882 1465 1946 1508 κα·

193 1553 410 1636 roexlerdm‘
389 1585 412 1649 η
434 1552 585 1650 Σαπφα

506 1703 513 1712 ·
612 1661 746 1754 Ὀλβτι
766 1660 921 1757 γαμβρέ,
951 1663 1005 1730 ool
1024 1659 1092 1750 μὲν
1113 1658 1158 1757 op
1180 1661 1304 1752 γάμος,
1330 1661 1376 1740 aie
1397 1657 1506 1757 α’ρᾶο,

617 1768 827 1858 ἐκτετι’λιοτ’,
851 1775 940 1862 ἕρεις
963 1769 1002 1840 dd
1021 1775 1219 1867 παρθένον,
1243 1771 1291 1843 ἂν
1312 1769 1426 1867 ᾰρᾶο.“

193 1881 309 1948 Beate
329 1902 465 1976 sponse,
490 1879 643 1949 cittium
661 1882 811 1972 nuptiae,
835 1889 875 1946 ut
894 1880 1068 1970 cupiebas,
1088 1892 1253 1972 peractae
1274 1893 1355 1949 sunt
1377 1879 1551 1972 hebesque
1574 1879 1740 1972 virginem,
1763 1903 1867 1972 quam
1889 1901 1947 1946 cu·

193 1989 330 2080 piebas.
374 1987 486 2082 Vulgo
513 1990 548 2059 in
570 1991 631 2060 line
653 1992 816 2088 utriusque
839 1987 948 2058 versus
972 1989 1072 2084 ἄραο.
1115 1989 1225 2060 Versu
1247 1992 1353 2085 priore
1383 1991 1454 2059 cod.
1471 1989 1512 2059 C.
1534 1991 1580 2069 oie
1601 1987 1701 2086 ᾰρᾶϊ,
1724 1989 1794 2059 cod.
1811 1988 1945 2057 Monac.

197 2097 244 2178 οἷς
271 2099 373 2196 ἄρας,
410 2123 505 2168 versu
527 2099 627 2168 altero
650 2101 721 2170 cod.
745 2100 785 2169 C.
806 2101 854 2170 ἂν
876 2097 988 2195 ἆρᾶθ,
1027 2101 1077 2168 ed.
1099 2099 1182 2166 lunt.
1204 2116 1237 2167 et
1259 2101 1352 2168 codd.
1367 2097 1415 2166 Β.
1426 2098 1558 2169 Monac.
1581 2099 1725 2197 ἀνάρας.
1769 2098 1947 2192 Assiunpto

196 2224 325 2278 accentu
343 2234 391 2293 eo,
415 2234 508 2303 quem
529 2210 702 2304 depravata
720 2209 790 2280 cod.
802 2207 843 2276 C.
864 2210 1019 2302 scriptura
1034 2209 1245 2294 ministrabat,
1266 2207 1356 2305 ᾰρᾶο
1376 2225 1569 2278 conuectum
1585 2209 1754 2278 habebitur
1772 2235 1810 2278 ex
1827 2206 1947 2304 ἀρόιο,

196 2331 371 2410 congruens
395 2345 464 2387 cum
487 2319 667 2388 Homericis
689 2324 853 2408 μυθεῖαι,
883 2327 991 2399 νιίαι,
1020 2313 1147 2406 αἰδεῖο,
1178 2319 1364 2411 quibuscum
1380 2317 1599 2396 Buttmannus
1622 2345 1669 2414 gr.
1693 2319 1779 2414 plen.
1803 2317 1848 2386 T.
1862 2318 1889 2385 I.
1912 2343 1946 2412 p.

198 2437 274 2495 505.
296 2429 459 2521 componit
481 2429 597 2524 ὁρῆαι,
619 2428 660 2496 ab
683 2426 853 2497 Eustathio
876 2429 910 2498 in
933 2429 1057 2521 Odyss.
1072 2435 1098 2513 ξ.
1120 2454 1152 2522 ρ.
1169 2434 1244 2505 530.
1266 2425 1346 2496 Bas.
1368 2436 1587 2498 memoratum.
1633 2426 1704 2498 Nee
1726 2445 1832 2497 tamen
1854 2451 1946 2523 pror·

164 2581 166 2586 ι
200 2561 255 2606 sus
276 2537 494 2606 damnandnm
517 2553 566 2606 est
588 2536 690 2633 ἄραο,
712 2538 870 2630 siquidem
892 2536 954 2606 hoc
975 2563 1014 2604 ex
1036 2537 1167 2636 elisione
1190 2537 1309 2606 vocalis
1333 2537 1530 2632 copulativae
1552 2536 1702 2632 explicari
1723 2554 1849 2634 potest=
1870 2562 1947 2606 nam

197 2659 223 2716 ᾶ
251 2644 343 2712 huius
372 2645 542 2715 verbisne
563 2663 677 2714 natura
704 2645 896 2741 producitur.
942 2647 1010 2716 Sed
1032 2647 1220 2718 Hermanno
1243 2647 1348 2715 Elem.
1372 2649 1471 2717 doctr.
1495 2665 1584 2717 metr.
1614 2675 1646 2743 p.
1663 2650 1738 2717 605.
1768 2673 1877 2718 verum
1896 2647 1947 2716 vi·
1990 2734 1996 2740 Π

200 2759 292 2829 dem
314 2753 414 2851 ᾰρᾶϊ,
446 2780 527 2849 quae
550 2753 654 2825 [omia
676 2757 831 2826 secundae
853 2779 1010 2852 personae
1032 2758 1180 2853 passivae
1203 2772 1235 2827 et
1256 2759 1366 2828 tertiae
1389 2759 1510 2828 activae
1530 2759 1706 2828 eommunis
1730 2760 1790 2829 sita
1820 2783 1884 2853 qua
1906 2757 1952 2826 de

197 2889 233 2934 re
256 2864 390 2934 diximus
412 2865 447 2932 in
468 2865 509 2951 ss,
525 2873 557 2932 5.

319 3177 590 3290 ἩιρΙιοοετίορ.
609 3208 680 3264 103.
704 3194 743 3263 de
767 3195 880 3264 eodem
901 3213 1003 3266 metro
1023 3199 1147 3328 pergit
1179 3197 1293 3268 Kal
1272 3229 1292 3269 ο
1315 3194 1400 3278 ποῦς
1420 3196 1554 3296 συνῆψε
1574 3194 1638 3296 τῆν
1660 3199 1772 3282 λέξιν·

657 3304 968 3401 Meltlppooed’
949 3305 997 3378 ια’
1015 3305 1143 3402 ι’μιρτῷ
1164 3311 1307 3398 κέχυται
1329 3307 1503 3442 πρρστόττφ.

113 3449 118 3456 ·
198 3333 397 3554 Elapusque
418 3437 525 3504 super
547 3414 733 3482 amabilem
752 3415 886 3506 effusus
909 3416 1118 3509 estsact'em.
1166 3416 1287 3510 Supple
1308 3416 1410 3513 χρώς,
1433 3411 1535 3486 celer.
1579 3416 1690 3509 Vulgo
1712 3413 1947 3513 μελίχροοςᾶ

199 3523 249 3622 ἐφ’
262 3525 399 3620 ἱμερτῷ.
444 3523 509 3591 Ed.
524 3523 607 3592 lunt.
629 3529 792 3620 μελίχρος
814 3521 874 3594 δ”
855 3528 1029 3623 επιμιρτῷ.
1075 3525 1158 3594 Cod.
1175 3525 1215 3595 C.
1238 3534 1463 3623 μελίχρονος,
1494 3529 1564 3597 cod.
1580 3523 1625 3596 N.
1647 3533 1820 3624 μιλίχρτος
1841 3543 1872 3596 et
1893 3527 1947 3597 κε’·

200 3659 336 3729 χρηται,
359 3635 429 3702 c'od.
445 3633 576 3702 Monac.
598 3635 777 3729 κέχρυται,
801 3635 860 3702 sed
881 3633 1030 3703 littera·
1007 3665 1030 3732 ρ
1052 3636 1176 3729 punctis
1200 3634 1329 3710 deleri'
1319 3661 1418 3706 russa.
1449 3635 1673 3733 Μιλιχρόους
1694 3663 1752 3730 per
1774 3636 1948 3706 blanditias

202 3737 409 3833 appellabant
429 3742 585 3837 pallidos,
616 3744 701 3811 unde
728 3741 788 3812 hoc
809 3742 997 3812 vocabulum
1026 3769 1091 3812 non
1117 3760 1165 3812 cst
1187 3747 1476 3815 exterrninandomr
1507 3763 1617 3815 ‘metro
1640 3747 1680 3815 ab
1705 3745 1946 3841 Hephaestione

202 3850 348 3942 exposito
372 3852 621 3921 accommodavit
642 3851 822 3944 Volgerus,
855 3852 1017 3946 duplicata
1048 3879 1086 3922 ex
1114 3879 1201 3921 more
1225 3853 1430 3924 Aeolensium
1458 3855 1591 3948 liquida.
1631 3853 1761 3925 ‘Confer
1782 3855 1945 3925 Koeninm

202 3957 245 4026 ad
269 3956 405 4050 Gregor.
432 3985 465 4053 p.
482 3969 556 4029 588.
601 3961 752 4031 Pauwius
774 3961 985 4058 μηλόχροος,
1016 3962 1219 4030 Hermannus
1242 3961 1347 4030 Elem.
1371 3963 1471 4032 doctr.
1493 3980 1583 4033 metr.
1612 3991 1646 4058 p.
1661 3964 1737 4044 604·
1758 3971 1946 4062 μιλλίχιος.

206 4065 357 4136 Ceterum
380 4066 431 4136 hic
452 4095 562 4139 versus
585 4071 726 4142 eiusdem
748 4072 913 4157 carminis,
936 4071 1023 4142 cuius
1045 4070 1258 4164 fragmentum
1279 4073 1467 4166 proximum,
1485 4063 1561 4144 esse
1583 4074 1718 4144 videtur.

248 4375 262 4424 '¹
338 4395 515 4490 Dionysius
539 4397 834 4471 Halicamassensis
857 4399 897 4472 de
918 4424 1061 4494 compos.
1084 4399 1171 4470 verb.
1194 4427 1221 4470 c.
1237 4411 1296 4471 05..
1332 4401 1455 4473 Τοῦτο·
1469 4400 1513 4476 td
1532 4401 1645 4476 κῶλον
1668 4407 1705 4476 ἐκ
1727 4408 1949 4478 δυοῒνουνέ·

205 4535 303 4604 orpus
323 4511 475 4604 μέτρων·
509 4505 610 4598 Μήτι
629 4507 755 4603 μαρδν
776 4510 913 4607 ὁρῶντά
932 4543 966 4584 τι
993 4515 1052 4582 καὶ
1072 4513 1211 4609 φαῦλον
1233 4510 1434 4610 ἁμάρτημα,
1465 4519 1607 4603 ἑτοίμως
1628 4514 1736 4595 οὕτως
1756 4518 1809 4587 tat
1829 4514 1953 4608 τούτῳ.

205 4621 261 4688 Ee
274 4620 319 4707 γέ
333 4647 387 4688 τοι
414 4617 593 4717 Σαπφικόν
613 4644 663 4696 τις
684 4620 917 4708 ἐπιθαλάμιον
937 4629 1047 4694 τουτί·
1079 4619 1133 4693 ov’
1155 4619 1223 4718 γάρ
1244 4626 1344 4719 ἑτέρα
1365 4619 1410 4724 ἦν
1430 4631 1526 4706 παῖς,
1558 4619 1763 4722 ὦγομβρὲ,
1791 4625 1950 4698 amatim·

204 4729 344 4798 καὶτοῦ
364 4727 517 4819 κωμικοῦ
536 4732 776 4826 τετραμέτρου,
798 4733 987 4820 λεγομένου
1009 4733 1049 4803 dd
1069 4729 1363 4830 Ἀριστοφανείου,
1384 4735 1493 4808 τοῦδε·
1518 4732 1593 4806 ‘Or'
1606 4733 1672 4826 ἐγώ
1691 4733 1737 4807 cd
1753 4741 1871 4809 δίκαια
1891 4739 1950 4810 λέ,
