4274 5290
1036 247 1096 357 79

188 473 430 570 pronominibus
460 469 560 552 οὗτος
588 476 718 554 ἐκεῖνος
746 474 930 571 praemissis
965 474 1120 558 declarat,
1152 473 1371 566 insequentem
1402 497 1511 541 vocem
1545 497 1579 540 se
1607 473 1648 540 ab
1676 471 1739 540 alio
1765 489 1940 542 mutuatum

187 609 270 654 csse.
316 583 475 674 Quocirca
497 582 575 652 hacc
604 609 740 678 quoque,
775 584 870 653 Orat.
886 599 917 670 3,
932 599 962 652 2.
985 581 1151 682 Ἐφάνρς,
1181 592 1253 662 τοῖς
1280 582 1469 681 Ἀφροδίτῃ
1498 581 1658 678 χορεύειν
1686 586 1850 672 μέλλουσι
1876 580 1937 654 τάν

186 699 329 793 ἕσπερον
350 693 474 764 ὁποῖον
495 689 589 772 εἰκάς
611 693 774 792 φανῆναι,
799 719 837 762 ex
860 719 898 762 co
920 692 1009 762 sonte
1032 694 1175 762 derivata
1197 693 1375 788 opinamur.

318 991 518 1092 Demetrius¹
536 1021 577 1091 dc
603 1020 717 1091 elocut.
740 1048 768 1090 c.
789 1021 861 1100 116.
905 1020 970 1092 Ἐκ
1003 910 1277 1121 ἒέΧξιξραβολῆς
1301 1024 1361 1093 καὶ
1385 1023 1440 1093 ἐπὶ
1466 1022 1528 1094 τού
1555 1023 1731 1115 ἐξέχοντος
1757 1017 1887 1118 α’νδράς
1918 1021 1940 1116 ἡ

193 1127 324 1230 Σαπφιύ
346 1153 442 1230 φησι·
872 1128 874 1132 ’
1006 1167 1008 1172 ’

557 1245 745 1335 Πέρῤοχος
768 1241 813 1319 uic
835 1237 883 1312 ὅτ’
905 1237 1022 1322 dotale
1044 1241 1064 1311 ὁ
1084 1243 1236 1334 Λέσβιος
1257 1239 1514 1314 ἀλλοδαποῖσιν.

186 1350 346 1423 ἐνταῦθα
361 1345 429 1446 γάρ
443 1348 554 1447 χάριν
575 1353 729 1448 ἐποίησεν
752 1352 773 1447 ἡ
795 1348 984 1449 παραβολή
1006 1353 1144 1441 μάλλον
1165 1351 1187 1448 ἢ
1208 1354 1369 1441 μέγεθος.
1393 1359 1505 1422 καίτοι
1526 1349 1607 1447 ἐξῆν
1628 1346 1745 1432 εἰπεῖν,
1767 1352 1939 1444 πέῤῥοχος

186 1460 295 1556 ὥσπερ
310 1461 331 1559 ἡ
346 1460 469 1557 σελήνη
484 1461 554 1530 τῶν
568 1461 687 1530 ἄλλων
701 1459 847 1556 ἄστρων,
869 1460 889 1556 ἢ
906 1462 925 1531 ὁ
943 1463 1040 1554 ἥλιος
1055 1462 1076 1531 ὁ
1091 1460 1339 1558 λαμπρότερος,
1363 1461 1384 1559 ἢ
1399 1461 1466 1531 ὅσα
1481 1459 1576 1530 άλλα
1590 1463 1658 1531 ἐστὶ
1679 1457 1938 1556 ποιητικώτερα.

185 1569 370 1638 Excellens
396 1580 433 1636 ut
457 1581 579 1636 cautor
596 1570 740 1636 Lesbius
764 1570 853 1637 iuter
870 1571 1091 1662 ολιίπίχσπσε.
1137 1573 1326 1665 Πέῤῥοχος
1348 1587 1396 1639 est
1417 1575 1586 1666 περίοχος,
1609 1585 1767 1664 potestate
1790 1593 1849 1662 par
1871 1568 1936 1636 usi·

187 1677 297 1747 tatiori
325 1675 480 1746 vocabulo
506 1678 682 1773 ὑπέροχος,
715 1695 751 1747 ut
779 1680 893 1748 docent
922 1681 965 1747 G.
980 1679 1120 1746 Vossius
1153 1679 1258 1747 Instit.
1274 1680 1371 1748 Orat.
1388 1679 1432 1747 T.
1444 1680 1486 1747 Il.
1509 1705 1542 1772 p.
1555 1695 1631 1762 h79.
1652 1697 1685 1748 et
1714 1679 1779 1747 Th.
1804 1677 1935 1762 Galeus,

186 1787 315 1856 laudata
337 1786 446 1881 glossa
469 1787 638 1881 Hesycbii:
674 1790 882 1882 Περρἕχειν,
904 1789 1097 1883 ὑπερέχειν.
1146 1786 1235 1856 Vide
1258 1811 1338 1880 quae
1362 1805 1517 1855 annotata
1539 1805 1613 1857 sunt
1635 1789 1750 1882 fragm.
1761 1787 1852 1858 XXI.
1873 1787 1936 1856 Vi-

187 1896 304 1965 ctorius
334 1896 441 1964 nescio
471 1921 564 1990 quem
589 1895 788 1966 Perrochum
816 1913 1010 1966 commentus
1039 1911 1116 1963 erat.
1161 1898 1253 1965 Haec
1282 1913 1397 1981 autem,
1430 1893 1550 1976 αόιιλάς
1571 1898 1592 1966 ὁ
1613 1900 1774 1990 Λέσβιος,
1810 1922 1936 1966 ornnem

188 2023 317 2100 gentem
339 2022 493 2074 exornant
514 2023 549 2075 ut
569 2008 691 2076 musica
714 2023 780 2076 arte
804 2008 914 2077 ceteris
938 2021 1163 2100 praestantem,
1186 2030 1287 2098 neque
1310 2021 1359 2073 est
1380 2030 1462 2074 unus
1486 2006 1601 2098 allquis
1624 2005 1800 2098 eligendus,
1823 2022 1858 2074 ut
1878 2003 1936 2070 Al·

185 2141 297 2186 caeum
320 2115 465 2184 denotan'
488 2132 601 2210 putant
623 2116 761 2185 Ursinus
785 2132 817 2186 et
838 2115 1012 2210 Volgems.
1056 2114 1183 2182 Eadem
1210 2131 1259 2183 est
1285 2115 1332 2182 vis
1363 2115 1524 2211 proverbii
1549 2111 1637 2204 μετά
1657 2115 1812 2207 Λεσβιον
1835 2109 1937 2206 ᾠδάν,

174 2226 228 2295 'de
250 2250 289 2294 eo
311 2224 506 2319 frequentari
529 2225 626 2313 soliti,
649 2226 760 2320 quiin
782 2227 895 2321 quravis
917 2243 983 2295 arte
1007 2225 1180 2294 secundum
1201 2224 1307 2294 locum
1329 2225 1461 2294 obtinet.

318 2552 501 2622 Athenaeus
521 2553 579 2621 XI.
598 2583 632 2651 p.
648 2564 723 2638 475.
745 2579 775 2623 a.
832 2552 969 2623 Praeter
1005 2552 1206 2623 Callixenum
1238 2551 1412 2638 Rhodium,
1453 2531 1682 2646 Pherecydem,
1720 2552 1961 2636 Herodorum,

186 2661 420 2758 Asclepiadem,
443 2663 647 2760 Sophoclem,
669 2662 878 2764 μνημονεύει
898 2662 969 2734 τῶν
991 2670 1190 2759 καρχησίων
1213 2668 1273 2736 καὶ
1300 2660 1433 2758 Σαπφτά
1454 2666 1493 2735 ἐν
1515 2661 1658 2743 τούτοις·
1727 2731 1735 2742 ,
2012 2675 2015 2681 “

173 2789 176 2794 “
579 2776 693 2872 Κοινῇ
716 2774 746 2846 δ”
768 2775 815 2870 άρ
837 2771 961 2852 πάντες
982 2771 1139 2872 καρχήοί
1159 2779 1246 2865 ἔχον
1267 2778 1326 2845 καὶ
1347 2777 1500 2866 ἔλαβον,

577 2881 755 2980 ἀράσαντο
777 2885 816 2955 δὲ
837 2882 982 2972 πάμπαν
1003 2879 1087 2953 ἐσλά
1154 2923 1158 2930 -

579 2996 627 3084 τά
648 2994 808 3090 γαμβροὶ

190 3103 271 3172 Una
296 3101 400 3194 igitur
418 3127 534 3172 omnes
562 3103 737 3170 carchesia
764 3103 985 3172 tenebantui
1007 3102 1171 3186 libabant,
1200 3125 1245 3170 ac
1266 3102 1500 3193 precabuntur
1517 3103 1654 3172 omnino
1681 3103 1773 3172 bono
1795 3123 1937 3192 sponso.

184 3211 237 3280 Ex
263 3211 429 3282 Athenaeo
459 3237 517 3282 sua
538 3211 635 3304 babet
662 3212 851 3281 Macrobius
879 3214 1011 3282 Saturn.
1024 3209 1070 3296 V,
1086 3225 1139 3280 21.
1195 3212 1270 3281 Nec
1292 3213 1388 3280 solus
1410 3212 1637 3302 Asclepiades
1661 3210 1813 3280 meminit
1832 3210 1933 3278 liuius

91 3343 95 3348 '
181 3321 309 3412 poculi,
336 3323 402 3390 sed
421 3333 456 3390 et
479 3323 543 3391 olii
560 3323 709 3391 illustres
727 3334 865 3415 poetae,
889 3332 928 3389 ut
948 3321 1100 3412 Sappho,
1129 3345 1218 3412 puae
1241 3322 1308 3389 aii.-
1350 3321 1466 3418 Κοινῇ
1488 3319 1517 3393 d'
1538 3321 1611 3419 άρα
1632 3321 1757 3401 πάντες
1777 3315 1935 3416 καρχήσί

184 3430 280 3521 εἶχον
300 3434 360 3502 καὶ
387 3436 537 3526 ἔλαβον,
570 3431 748 3529 ἀράσαντο
768 3433 807 3505 δὲ
828 3429 973 3521 πάμπαν
993 3426 1107 3503 dorilei
1128 3431 1178 3521 τῷ
1197 3430 1355 3526 γαμβρῷ
1393 3431 1490 3527 ’Ἀρά
1519 3433 1604 3526 upud
1630 3431 1832 3501 Athenaeum
1853 3451 1932 3521 quo·

186 3565 246 3635 que
268 3539 361 3636 plene
385 3542 546 3610 scribitur:
580 3542 627 3638 άρ
654 3543 798 3612 dedimus
825 3542 941 3611 heroici
968 3565 1078 3610 versus
1102 3540 1214 3633 gratia,
1248 3541 1334 3634 quod
1364 3557 1498 3609 metrum
1520 3541 1554 3608 in
1576 3541 1686 3610 ceteris
1710 3540 1819 3612 clucet.
1864 3536 1933 3606 Pro

184 3650 286 3747 κοινῇ
312 3677 353 3718 ex
377 3650 533 3720 Athenaei
560 3653 630 3721 cod.
651 3653 691 3720 A.
712 3669 743 3720 et
764 3651 925 3721 Macrobii
958 3651 1030 3719 cod.
1053 3648 1232 3718 Thuanaeu
1263 3652 1362 3748 κῆνοι
1391 3649 1721 3742 Schweighaeuscrus,
1755 3647 1933 3740 Volgum,

157 3759 405 3834 ‘Blomheldus
449 3760 576 3830 Deinde
608 3760 758 3830 Wollius
786 3760 916 3833 ἐσθλάς
953 3753 1086 3830 altenrm
1115 3785 1153 3827 ex
1180 3759 1342 3828 Macrobii
1368 3761 1463 3829 etiam
1492 3775 1595 3828 uetere
1625 3758 1780 3854 exemplo,
1815 3756 1933 3827 Colou.

186 3869 324 3966 Agripp.
340 3893 370 3938 a.
390 3879 483 3952 1527.
507 3871 602 3956 edito,
626 3888 733 3940 enotat
756 3870 906 3940 Zermius.
951 3868 1114 3938 Licentius
1137 3869 1387 3963 transponendo,
1410 3869 1595 3954 omittendo,
1616 3869 1797 3955 inserendo,
1818 3866 1934 3938 Blom-

184 3978 299 4049 fieldus
322 3979 606 4074 hendecasyllabos
631 3980 810 4077 sapphicus
833 3981 981 4050 restituit.
1413 3965 1417 3978 ¹

999 4197 1123 4266 LXXI.

313 4307 506 4402 Apollonius
530 4309 569 4377 dc
582 4307 750 4378 Coniuuct
766 4335 800 4403 p.
813 4323 888 4390 490.
930 4303 1038 4405 Ἀρα·
1060 4306 1161 4388 οὖτος
1182 4306 1275 4380 κατά
1294 4306 1411 4380 πάσαν
1432 4305 1627 4396 διάλεκτον,
1649 4308 1931 4401 ύπεσταλμεῖνης]

182 4415 244 4514 τῆς
270 4419 389 4515 κοινῆς
417 4421 478 4488 καὶ
504 4416 670 4517 Ἀττικῆς,
703 4414 773 4516 ἤρα
795 4421 947 4508 λέγεται·
976 4413 1058 4512 'Hp'
1090 4423 1146 4490 ἔτι·
1164 4423 1385 4517 π[αρ]θενίης
1403 4417 1652 4511 ἐπιβάλλομαι,
1680 4416 1818 4514 Σαπφύ.
1864 4417 1931 4486 S'ed

184 4526 366 4598 Scholiasta
398 4527 431 4595 in
453 4526 603 4621 Dionysii
633 4527 771 4596 Thracis
800 4527 1039 4621 grammaticam
1061 4553 1094 4621 p.
1108 4529 1184 4609 968.
1217 4529 1259 4598 Ὀ
1280 4523 1353 4625 άρα
1380 4524 1631 4625 ἕρωτηματικάς
1652 4527 1702 4598 οόν
1723 4524 1869 4620 μιμιύνα
1890 4521 1932 4596 τά

182 4651 217 4724 ᾶ,
240 4635 496 4727 σολλοχιστικός
516 4637 555 4710 dl
574 4635 759 4736 βραχύνει.
780 4638 936 4733 τρύτεται
958 4636 998 4709 δὲ
1017 4639 1184 4734 ἑκατέρου
1207 4633 1247 4712 τά
1269 4651 1292 4710 ᾶ
1312 4635 1362 4720 εἰς
1381 4654 1412 4740 ἢ,
1433 4637 1474 4714 τά
1494 4638 1561 4729 μὲν
1581 4633 1720 4733 μακράν
1740 4633 1820 4731 παρ’
1841 4632 1932 4708 Αἰο-

183 4745 302 4818 λεῦσιν
323 4747 448 4827 οὕτως·
1354 4785 1357 4791 ·
