4242 5300
1023 227 1083 318 58

190 467 257 537 Cui
276 477 318 548 ιο,
342 487 420 531 cars
442 445 578 550 sponsi,
606 465 697 524 recte
719 455 940 541 comparem?
983 451 1125 520 Surculo
1147 450 1323 542 gracilia·
1344 431 1498 516 maxime
1521 471 1694 539 comparo.
1739 447 1835 540 Libri
1856 449 1936 518 editi

186 593 220 646 et
238 572 444 664 manuscripti
466 575 536 654 τίω,
561 566 659 634 codex
674 559 865 630 Nannianus
887 565 925 631 τί
941 559 980 659 ἧς
998 556 1034 630 ὦ.
1064 558 1250 629 Ριοιιοιιιιιι
1271 559 1531 651 interrogativum
1550 560 1669 652 requiri
1690 560 1830 628 sentiens
1846 557 1932 627 Pau·
2009 596 2013 610 =
2101 575 2105 595 ¹

187 686 266 754 wius
291 683 419 775 scripsit
437 685 519 765 τίνι,
549 673 752 768 sequentibus
773 671 920 764 Vol'gero
943 687 975 738 et
997 669 1210 750 Blomfieldo;
1240 671 1306 758 τιίρ
1328 667 1472 761 Scaliger
1493 670 1536 754 ad
1555 668 1675 737 Catull.
1698 695 1731 763 p.
1747 668 1807 753 ab,
1836 667 1934 738 Gais-

186 793 310 877 fordus‚
333 792 538 859 Hermannus
558 783 664 852 Elem.
685 783 784 849 doctr.
808 794 897 847 metr.
923 805 955 872 p.
975 780 1051 846 363.
1080 779 1148 848 Sed
1167 777 1284 845 Aeoles
1306 775 1488 870 frequenter
1506 801 1565 871 pro
1587 793 1616 862 a,
1647 778 1734 872 quod
1755 777 1855 846 altera
1878 801 1933 844 vo·

188 903 249 974 cali
270 901 437 993 excipitur,
461 894 693 965 substituunt·
676 922 704 975 ι,
732 891 766 957 id
789 889 875 982 quod
900 887 938 954 de
961 872 1183 954 terminatione
1203 886 1504 954 adiectivorum'*
1450 913 1506 964 coc
1531 903 1717 956 annotatum
1744 903 1794 956 est
1808 885 1934 980 fragm.

92 1061 96 1068 -
187 1012 234 1097 V,
257 1012 437 1136 pariterque
464 1005 499 1074 in
521 1001 642 1070 verbali
665 999 865 1068 flexione*
819 1027 864 1068 ιω
891 997 926 1064 in
949 995 1048 1065 titulis
1069 994 1293 1065 Orchomeniis
1322 995 1452 1064 obtinet.
1497 996 1591 1063 Adde
1621 997 1794 1089 genitivum
1815 1021 1935 1090 prono·

186 1121 283 1190 minis
304 1141 460 1213 personae
482 1112 637 1180 secundae
657 1108 751 1187 τιοῦς
770 1131 828 1202 pro
848 1105 955 1188 τιοῦς,
980 1102 1117 1176 decisuri
1137 1118 1168 1192 ι’,
1192 1103 1237 1199 ἢν
1259 1108 1319 1175 xal
1336 1102 1648 1200 οἱναλογιοτὲρον“
1627 1109 1783 1202 ηγητέον,
1808 1101 1937 1178 tart
1895 1135 1936 1175 το

185 1226 273 1308 aare
296 1251 314 1298 ῑ
331 1221 594 1316 ’μεταβάλλουσι
616 1215 812 1343 φωνήεντος
832 1218 1091 1314 ἐπιφερομένου,
1114 1230 1150 1282 ut
1170 1229 1278 1282 censet
1296 1214 1489 1308 Apollonius
1513 1214 1553 1282 de
1575 1212 1730 1282 Pronom.
1751 1240 1783 1308 p.
1775 1225 1853 1296 ..95
1883 1215 1937 1282 Ex

188 1338 317 1407 eodem
313 1331 551 1428 cognoscimus
578 1329 766 1424 scripturam
790 1331 878 1411 τίοι,
911 1348 1008 1418 porro
1029 1329 1090 1394 τίιο
1114 1328 1175 1394 τοι
1197 1329 1290 1408 clerc,
1325 1352 1366 1393 ου
1367 1321 1530 1413 §prodeas
1550 1353 1595 1418 cp
1581 1322 1709 1414 epla
1734 1327 1793 1394 καὶ
1818 1326 1935 1412 dulces,

189 1475 223 1544 p.
216 1445 293 1531 .96‚
308 1468 380 1538 qua
400 1469 451 1510 ex
449 1439 692 1533 comparatione
715 1433 807 1502 simul
828 1434 987 1517 coniicias,
1010 1433 1165 1527 imprimis
1185 1433 1332 1502 littera*
1311 1462 1330 1500 τ
1350 1433 1593 1501 antecedente*
1574 1464 1588 1502 ι
1610 1433 1650 1500 ab
1665 1432 1819 1502 Aeolibus
1841 1458 1935 1527 prae·

187 1555 264 1624 ferri
289 1554 416 1622 solitum
439 1574 521 1618 esse.
567 1548 640 1615 Huc
658 1544 796 1638 pertinet
822 1543 1002 1610 observatio
1026 1541 1190 1637 Apollonii
1217 1567 1249 1634 p.
1269 1551 1340 1608 135.
1363 1543 1508 1636 prodita:
1541 1537 1685 1612 '''Errl
1642 1569 1703 1639 της
1726 1540 1800 1620 τεός
1822 1570 1937 1636 κτητι·

187 1665 253 1758 τεῆς
275 1663 421 1735 Βοιωτοὶ
451 1653 718 1758 μεταβάλλουσι
742 1648 784 1723 ιδ
806 1649 895 1730 ἱείς
913 1661 942 1738 ῖ,
978 1649 1075 1721 aedo
1102 1649 1143 1722 cd
1172 1648 1258 1730 θεός
1285 1645 1374 1730 decis.
1426 1651 1523 1719 Unde
1548 1649 1636 1718 flm'n
1662 1649 1829 1720 Laconum
1857 1649 1937 1732 οιός.

188 1774 281 1842 Haec
304 1770 447 1840 sulficere
468 1780 615 1861 poterant
634 1765 676 1832 ad
695 1745 919 1831 vindicandam
939 1761 1094 1830 Aeolibus
1117 1760 1307 1854 scripturam
1330 1764 1401 1849 τίιρ,
1423 1763 1522 1847 ιίιον,
1548 1765 1667 1830 τίοιοιν
1690 1761 1725 1828 in
1748 1761 1936 1854 pronomiue

187 1879 426 1973 interrogativo,
449 1900 509 1972 pro
528 1874 645 1943 Ionicis
664 1876 745 1963 τέῳ,
777 1874 874 1952 rebor,
899 1873 1035 1942 ιι’.οισιν
1080 1870 1244 1938 Accedunt
1265 1868 1334 1936 de'
1325 1893 1396 1964 rpso
1417 1866 1479 1936 boc
1499 1853 1653 1937 vocabulo
1673 1870 1807 1940 idoneae
1828 1886 1936 1939 aucto·

189 1993 310 2058 ritates.
364 1993 494 2059 Τίοισιν
517 2000 567 2052 est
594 1984 679 2077 apud
701 1980 913 2076 Sapphonem
942 1981 1057 2072 stagm.
1074 1978 1198 2062 CXIII,
1223 1943 1337 2046 diserte
1359 1978 1440 2046 illud
1466 2001 1486 2045 a
1512 1979 1670 2047 veteribus
1694 1979 1936 2072 magistrisan·

190 2115 354 2182 notatum,
368 2095 421 2189 qui
442 2099 523 2180 τίος,
547 2119 586 2162 ex
609 2091 746 2186 genitivo
766 2095 858 2168 τίνος
879 2104 992 2172 οιιιιιιι,
1015 2090 1048 2156 in
1069 2103 1260 2183 potestatem
1279 2085 1463 2154 nominativi
1483 2088 1658 2156 traductum
1678 2105 1829 2174 statuunt,
1853 2089 1936 2157 eius·

190 2234 250 2303 que
269 2207 440 2301 genitivum
462 2203 642 2272 laciunt'
604 2231 687 2272 τιου.
716 2199 805 2267 Vide
826 2213 952 2291 praeter
972 2197 1071 2280 locos,
1094 2195 1208 2290 quibus
1230 2194 1269 2263 de
1292 2195 1362 2262 solo
1381 2199 1465 2276 τίοις
1486 2197 1597 2289 agitur,
1623 2195 1730 2291 Eam.
1743 2198 1794 2266 M.
1814 2225 1847 2294 p.
1839 2209 1936 2321 'ml

193 2331 243 2385 12.
268 2316 375 2416 Etym.
393 2313 479 2382 Gud.
499 2341 535 2436 p.
552 2311 627 2394 526,
644 2326 675 2377 3.
712 2307 854 2375 Phavor.
870 2306 942 2374 Ecl.
967 2303 1207 2400 p.t.1o.Dind.
1244 2302 1480 2394 Dativum'rccp
1502 2306 1608 2374 aducrt
1627 2307 1735 2400 Etym
1752 2309 1855 2394 Gud.,
1883 2306 1937 2450 (pri

188 2441 315 2522 poterat
335 2448 422 2506 sane,
446 2422 509 2490 nisi
528 2436 638 2488 nostro
661 2417 838 2510 fragmento
860 2399 1105 2498 confirmaretur,
1132 2413 1253 2510 pariter
1273 2414 1509 2484 commenticios
1529 2405 1650 2508 haberi,
1675 2434 1769 2510 atque
1790 2416 1846 2486 illa
1866 2423 1938 2498 τίος

190 2552 222 2606 et
240 2541 317 2605 τίου
342 2548 464 2656 aperte·
470 2545 544 2596 sunt
567 2552 586 2595 a
608 2526 819 2620 grammaticis
840 2525 954 2596 efficta.
985 2525 1057 2592 Iota
1079 2548 1154 2592 vero
1177 2539 1303 2620 praeter
1324 2523 1476 2592 librorum
1503 2527 1721 2594 auctoritatem
1733 2527 1936 2651 ‘subscripsi-

190 2667 273 2727 mus,
297 2641 371 2734 quia
390 2641 435 2707 ita
454 2639 489 2706 in
510 2637 620 2706 ceteris
645 2635 711 2704 lieri
733 2635 824 2720 solet,
846 2659 1038 2730 quamquam
1059 2633 1256 2727 grammatici
1272 2633 1388 2701 Aeoles
1409 2657 1447 2701 eo
1467 2659 1542 2702 usos
1564 2660 1634 2702 esse
1655 2637 1785 2704 omnino
1807 2652 1936 2730 negant

183 2753 337 2846 Ὄριακι
350 2747 461 2844 spiritu
483 2770 597 2840 aspero
620 2746 749 2838 signant
767 2744 941 2837 Volgerus,
966 2742 1170 2827 Gaissordus‚
1195 2742 1418 2824 Hermannus3
1446 2743 1578 2812 alteram
1594 2746 1781 2839 scripturam
1803 2747 1937 2843 praebet

126 2913 129 2918 ι
189 2861 342 2931 Ursinus.
389 2855 632 2951 Comparatio
622 2871 685 2925 rsta
711 2853 822 2923 similis
849 2871 897 2922 est
918 2854 1174 2938 Homericae,‘
1154 2884 1174 2923 ο
1202 2849 1496 2948 ὄᾰνι’δραμεν
1470 2870 1570 2950 ερνιϊ
1588 2853 1674 2934 ἶσος,
1705 2851 1767 2926 cdv
1790 2859 1937 2952 θρέψαν

193 2972 275 3042 θεοὶ
295 2965 424 3064 ἔρνιι
404 2995 488 3056 ιοον,
515 2965 608 3034 Iliad.
625 2993 655 3036 ο.
671 2964 724 3034 56.
741 2979 816 3047 431.
847 2964 970 3059 Odyss.
985 2970 1013 3050 ξ.
1032 2972 1104 3048 175.
1133 2961 1306 3034 Diaeresin
1327 2963 1415 3031 verbi
1435 2961 1580 3034 loedoria
1602 2981 1737 3033 metrum
1757 2965 1911 3061 postulat.

992 3181 1135 3251 XXXV.

323 3295 504 3371 Scholiasta
527 3294 694 3366 Theocriti
713 3311 762 3380 11,
787 3306 840 3376 39.
879 3287 930 3363 Tri
952 3290 1177 3382 γλυκύμαλόν
1199 3291 1270 3362 ἐστι
1293 3295 1353 3362 καὶ
1375 3291 1489 3388 μήλου
1512 3297 1620 3385 γένος.
1651 3290 1795 3394 Scapti·

613 3409 648 3477 Γ
644 3402 843 3492 λυκύμαλον
865 3400 1036 3498 ἐρεύγεται
1061 3402 1138 3481 [ὥς]
1163 3399 1260 3498 ἄκρῳ
1282 3398 1330 3471 e'rt'
1355 3401 1453 3491 ὄοδῳ.

190 3520 306 3588 Dulce
328 3518 457 3585 rnalum
481 3515 631 3584 truditur
648 3525 797 3582 extremo
821 3512 857 3578 in
879 3535 984 3578 ιοιοο.
1025 3510 1093 3579 Ριο
1114 3527 1217 3578 νιιιιι
1237 3509 1330 3601 οὐδῷ
1353 3513 1416 3580 iam
1436 3511 1575 3582 Ursinus
1599 3511 1698 3606 ὅοδῳ,
1723 3499 1936 3586 Casaubonus

191 3625 295 3694 Leett.
313 3627 451 3696 Theocr.
475 3653 508 3720 p.
525 3623 600 3702 264.
622 3623 722 3708 dedeo,
744 3642 842 3693 ῐιιοιι
867 3621 1055 3714 subscripto,
1075 3619 1285 3689 Blomfieldus
1306 3619 1406 3712 ὕοδῳ,
1428 3646 1508 3716 quae
1527 3623 1630 3722 lorma
1645 3624 1800 3718 reperitur
1821 3624 1936 3721 fragm.

191 3733 255 3804 lv.
285 3734 368 3803 Cod.
385 3735 539 3804 Canonic.
563 3750 594 3802 et
609 3732 731 3803 Salvini
754 3755 862 3826 apogr.
885 3731 954 3800 cod.
969 3731 1111 3798 Florent.
1133 3731 1230 3810 ὄσδιο,
1253 3732 1322 3798 cod.
1338 3731 1444 3800 Paris.
1460 3732 1500 3799 A.
1521 3730 1675 3804 ιἰιόοδιον
1696 3750 1727 3801 ιι
1747 3733 1856 3828 paullo
1878 3761 1935 3804 an·

191 3859 223 3912 ιι
244 3841 356 3932 γλυκύ
378 3875 411 3914 τι
428 3845 555 3932 μᾶλον.
586 3841 772 3937 Sapphonis
794 3840 897 3928 locum
915 3839 1063 3934 Toupim
1086 3840 1286 3908 obversatum
1307 3857 1397 3934 putat
1410 3839 1608 3909 Philostrato
1622 3842 1745 3938 Imagg.
1760 3844 1851 3930 Ι,31.
1884 3842 1938 3918 Tei

191 3951 230 4023 dd
253 3947 303 4022 ἐπ’
315 3951 411 4046 ἄκρῳ
433 3951 496 4022 τοῦ
520 3953 598 4035 ὄζου
621 3954 724 4021 σῦκον
748 3945 918 4047 οτρουθδς
941 3947 1163 4044 διορῶρυχιν,
1188 3949 1214 4018 οἱ
1238 3947 1282 4040 δή
1304 3953 1362 4019 καὶ
1386 3949 1502 4047 ἥδιστα
1524 3948 1636 4023 σύκων
1659 3960 1761 4024 δοκεῖ.
1807 3954 1868 4024 Cui
1887 3955 1935 4024 lo-

193 4085 232 4129 co
260 4058 394 4127 alterum
421 4059 563 4128 eiusdem
590 4060 767 4152 scriptoris,
796 4059 822 4143 Ι,
838 4059 869 4126 6.
896 4058 1074 4127 adiicimus:
1100 4055 1175 4128 ’Aa’
1201 4059 1319 4153 ἄκρων
1345 4058 1384 4128 dl
1408 4057 1479 4129 reia
1505 4060 1591 4144 ὄζων
1614 4061 1711 4158 μῆλα
1736 4065 1854 4160 χρυσοῖ
1874 4069 1936 4136 καὶ

192 4164 305 4266 τιυροοῖ
329 4172 388 4237 καὶ
408 4165 532 4265 pauidi]
560 4166 789 4265 προσάγονται
816 4164 880 4238 τόν
902 4165 1007 4257 ιὀμὸν
1030 4167 1115 4236 ὅλον
1138 4167 1207 4237 τῶν
1228 4164 1396 4262 Ἐρώτιον.
1437 4168 1503 4237 Ubi
1528 4169 1625 4238 verba
1648 4167 1704 4240 ἅττ’
1726 4174 1844 4268 ἄκρων
1865 4175 1937 4246 τῶν

194 4277 281 4363 ὄζων
308 4275 444 4372 pleniori
468 4277 608 4371 picturae
631 4277 836 4371 descriptioni
856 4276 1045 4360 inserviant,
1074 4300 1139 4343 non
1165 4275 1215 4343 his
1240 4277 1343 4370 pomis
1370 4277 1562 4370 singularem
1584 4283 1814 4374 praestantiam
1841 4285 1937 4354 tribui

194 4385 368 4483 postulant.
394 4384 523 4454 Vocula
539 4387 754 4478 comparativa
768 4387 819 4466 uis
841 4384 989 4480 quoniam
1009 4384 1105 4453 verbo
1121 4410 1178 4452 sno
1200 4387 1350 4480 postponi
1368 4388 1488 4480 nequit,
1510 4390 1647 4482 primam
1665 4389 1713 4458 illi
1732 4391 1765 4458 in
1781 4394 1936 4463 versiculo

195 4498 304 4564 sedem
325 4495 530 4588 assignarunt
552 4492 823 4578 Hemsterhusius,
851 4493 1008 4588 Toupins‚
1033 4493 1263 4562 Blomlieldus:
1281 4489 1382 4564 'nobis
1410 4525 1448 4565 ιιι
1476 4497 1564 4567 finali
1589 4501 1766 4592 antegressi
1791 4503 1937 4574 vocabuli

196 4605 290 4672 ductu
317 4605 440 4673 ridetur
465 4618 559 4671 enata
586 4626 676 4686 esse,
709 4619 878 4696 postquam
903 4616 961 4677 τῖι
988 4603 1144 4698 syllabam
1172 4604 1242 4672 solo
1264 4607 1438 4678 r’indicari
1461 4606 1606 4674 librarius
1627 4625 1803 4703 putaverat.
1847 4612 1937 4684 Vide

195 4711 299 4782 Bastii
315 4713 440 4785 comm.
460 4709 624 4808 palaeogr.
651 4737 684 4807 p.
698 4721 775 4796 754.
789 4719 865 4795 780.
881 4721 956 4782 803.
994 4715 1125 4784 sivero
1146 4713 1219 4810 ipsa
1241 4715 1436 4810 comparatio
1459 4715 1607 4808 ambigua
1628 4734 1692 4804 est,
1722 4744 1788 4790 non
1810 4721 1938 4796 debebit
