4242 5300
1030 255 1099 350 ll

949 369 1165 388 *u*

318 484 403 581 Ipsis
426 481 612 568 affectibus,
636 505 717 576 quos
742 481 933 551 carminibus
957 505 1142 577 expromere
1166 480 1307 568 solebat,
1330 481 1456 578 egregie
1480 498 1636 556 consonat
1656 489 1770 559 modus
1794 469 1934 588 Miroly-

182 595 272 682 dius,
301 593 409 663 mollis
433 593 488 662 ille
511 609 544 662 et
564 591 695 678 flebilis,
724 593 812 661 cuius
836 592 933 684 etiarn
955 591 1170 661 inventionem
1192 589 1240 660 illi
1262 591 1369 661 tribuit
1391 594 1614 681 Aristoxenus,
1635 614 1670 666 ut
1691 600 1788 668 tradit
1802 600 1936 672 ¹Plutar-

183 706 260 776 chus
286 705 325 772 de
349 702 471 772 musica
494 729 521 771 c.
539 700 588 788 16,
617 700 673 770 alii
698 701 740 773 ad
762 701 987 796 Pythoclidom
1011 701 1185 787 tibicinem,
1214 701 1283 786 alii,
1311 702 1350 770 de
1376 702 1487 796 qrribus
1511 703 1630 774 ibidem
1654 733 1681 776 c.
1695 717 1753 795 28,
1786 711 1829 779 ad
1852 711 1936 782 Τοι-

183 815 341 911 paudrum
363 812 552 882 referebant.
582 810 728 880 Primam
751 812 834 880 inter
855 827 967 905 poetas
990 811 1135 880 Graecos
1159 816 1292 908 πηκτίδι
1314 835 1406 879 usam
1430 812 1602 907 scripserat
1625 807 1857 890 Menaechmus
1883 822 1937 894 Si-

177 925 330 1019 opaulus,
359 939 393 991 ut
414 922 522 1018 prodit
544 919 725 990 Athenaeus
749 917 843 990 XIV.
864 947 897 1016 Ρ.
910 921 985 988 635.
998 946 1041 1002 e.;
1071 919 1233 988 namhoc
1258 919 1330 988 loco
1352 921 1527 990 accuratius
1551 924 1674 994 videtur
1697 926 1818 998 locutus
1842 956 1938 1026 quarn

178 1060 218 1129 .Ρ.
209 1032 360 1118 6.35b,
381 1032 436 1100 uhi
454 1031 588 1099 eundem
606 1046 766 1099 auctorem
787 1031 831 1099 ait
853 1036 999 1154 npxrt'da
1024 1029 1270 1126 aSappboue
1260 1045 1423 1098 mveutam
1439 1032 1636 1126 praedicare.
1666 1032 1758 1105 Nihil
1777 1039 1860 1108 enim
1879 1057 1938 1128 ost,

185 1169 240 1212 cur
263 1158 428 1236 tantopere
444 1139 591 1209 Pindaro
617 1139 810 1225 diffidamus,
834 1165 887 1234 qur
878 1138 1026 1234 fragm.
1043 1153 1096 1222 91.
1112 1139 1205 1208 hoc
1196 1163 1268 1234 rpso
1283 1138 1440 1208 Athenaei
1463 1138 1535 1209 loco
1555 1157 1681 1213 servato
1704 1151 1884 1245 πηκτίδα
1874 1175 1939 1220 ram

185 1276 205 1320 a
231 1251 424 1346 Terpandro
447 1248 651 1345 Lydorum
641 1275 674 1318 ru
697 1249 799 1345 epulis
824 1249 965 1318 auditam
987 1265 1109 1334 narrat,
1141 1274 1237 1343 quom
1262 1249 1357 1318 etiam
1379 1247 1587 1327 Aristoxenus
1612 1277 1665 1348 ap.
1685 1255 1802 1325 Athen.
1818 1257 1880 1328 IV.
1901 1270 1936 1355 p.

157 1360 332 1438 «1866.
322 1387 355 1430 m
378 1359 554 1456 peregrinis
577 1359 792 1428 instrumentis
816 1375 969 1428 numeret.
1007 1359 1190 1428 Euomine
1214 1365 1375 1453 πηκτίδος
1398 1357 1516 1428 Suida's
1540 1377 1572 1430 et
1593 1362 1739 1434 Eudocia
1764 1368 1939 1466 πλῆκτρον

177 1472 336 1556 fecerunt,
361 1471 445 1564 quod
471 1468 606 1564 Sappho
633 1469 737 1565 prima
761 1468 1121 1562 excogitaveritr'immo
1144 1469 1312 1565 πηκτὶς
1286 1494 1352 1537 srve
1373 1469 1501 1538 inventa
1525 1471 1566 1540 ah
1590 1495 1627 1540 ea
1652 1475 1718 1542 sive
1742 1474 1941 1569 frequentata

177 1581 253 1650 tsine
268 1580 389 1676 plectro
406 1579 512 1672 digitis
527 1577 723 1674 pulsabatur,
745 1594 780 1647 ιιι
792 1579 1000 1646 Aristoxenus
1018 1579 1110 1646 docet
1133 1603 1187 1673 ap.
1202 1577 1319 1646 Athen.
1335 1577 1428 1646 XIV.
1449 1607 1483 1675 Ρ.
1495 1579 1570 1648 635.
1581 1580 1623 1666 b,
1645 1581 1758 1676 plectri
1780 1601 1856 1654 usus
1872 1605 1942 1658 orat

185 1690 219 1760 in
242 1688 412 1815 φδρμιγγι,
435 1700 540 1757 vetere
562 1687 782 1756 instrumento.
814 1688 963 1758 Ceterum
986 1687 1082 1756 etiam
1104 1687 1168 1758 rori
1187 1685 1357 1784 βαρῶμου
1380 1693 1440 1758 καὶ
1458 1694 1646 1786 βαρβίτου,
1670 1693 1733 1779 sui,
1755 1710 1793 1763 ut,
1808 1695 1941 1783 videtur,
1974 1727 1976 1737 ·
2014 1762 2018 1770 .

178 1801 379 1868 mentionem
402 1797 485 1882 fecit,
507 1812 542 1864 ut
566 1797 738 1865 secuudum
760 1794 1001 1890 Euphorionem
1025 1812 1157 1864 testatur
1179 1795 1362 1864 Athenaeus
1383 1796 1444 1865 IV.
1437 1825 1493 1892 .p.
1509 1809 1581 1868 182
1592 1801 1617 1869 f
1647 1801 1778 1898 Duplici
1802 1806 1940 1876 vocabu·

187 1908 220 1976 lo
244 1910 375 1982 subesse
399 1931 467 1975 rom
490 1907 640 1991 eandem,
664 1904 852 1973 confirmant
873 1903 1024 1972 Phillidis
1046 1905 1144 1974 verba
1168 1928 1219 1999 ap.
1212 1903 1351 1972 .Athen.
1363 1905 1457 1973 XIV.
1480 1937 1512 2001 p
1505 1909 1600 1976 636
1613 1935 1640 1978 c
1679 1917 1739 1981 καὶ
1756 1912 1824 2010 γάρ
1842 1913 1937 2012 βάρ-

187 2020 321 2142 fieres*
300 2050 322 2112 η
339 2014 501 2112 βάρμος.
524 2014 641 2083 Utrum
665 2030 770 2082 autem
789 2011 958 2112 βάρωμος
981 2038 1023 2081 an
1044 2011 1184 2111 βάρμος
1206 2013 1310 2082 verior
1329 2011 1486 2110 scriptura
1507 2017 1557 2101 sit,
1581 2017 1715 2087 forsitan
1735 2019 1809 2090 hinc
1829 2023 1941 2093 diiudi-

190 2127 256 2197 cari
280 2141 396 2222 potest,
419 2124 538 2220 quod
528 2151 561 2193 m
584 2123 692 2218 Etym.
709 2123 760 2192 Μ.
780 2143 813 2248 Ρ.
829 2133 901 2210 188,
918 2139 970 2191 21.
994 2123 1137 2192 barbitus
1162 2124 1202 2192 ab
1227 2122 1380 2191 Aeolibus
1404 2121 1573 2220 βᾶρμιτος
1597 2126 1681 2194 dicta
1704 2153 1774 2198 esse
1799 2132 1941 2201 traditur.

102 2245 107 2260 ‘
203 2281 204 2287 .
321 2234 454 2306 Aeolica
476 2233 612 2304 dialecto
636 2257 708 2302 eam
733 2233 914 2328 scripsisse,
937 2249 969 2302 et
992 2233 1047 2302 alii
1072 2233 1284 2302 Grammatici
1306 2249 1475 2319 testantur,
1498 2249 1529 2303 et
1554 2235 1769 2305 Terentianus
1793 2238 1959 2328 Illaurus,¹

190 2346 244 2443 qui
263 2346 424 2442 digammo
443 2369 535 2413 usam
555 2345 632 2412 dicit
652 2368 722 2439 cap.
736 2333 772 2410 Ω.
783 2367 830 2410 vs.
842 2343 918 2411 658.
929 2369 963 2438 p.
974 2347 1070 2425 9397.
1085 2341 1234 2411 Putscb.:
1263 2342 1445 2436 Quamque
1464 2351 1541 2416 ἴτυν
1561 2345 1680 2446 dicunt
1689 2347 1831 2433 Achaei,
1851 2349 1943 2420 benc

183 2461 293 2549 βίτυκ
313 2479 397 2548 gens
410 2454 557 2526 'Aaot'n
582 2455 691 2526 Plum
703 2453 845 2544 Sappho
869 2453 1244 2546 comprobavitAeoles
1268 2463 1303 2520 et
1316 2454 1429 2521 ceteri.
1468 2453 1515 2522 Et
1533 2454 1690 2550 impressa
1710 2473 1784 2526 sunt
1801 2459 1942 2554 reliquiis

188 2567 256 2636 eius
281 2563 408 2634 dialecti
429 2563 573 2658 vestigia,
595 2580 747 2633 renovata
771 2585 791 2630 a
813 2562 922 2648 uobis',
951 2562 1006 2630 ubi
1029 2562 1108 2630 satis
1133 2577 1218 2632 certa
1241 2585 1292 2630 res
1317 2563 1496 2632 videbatur:
1530 2579 1668 2634 ceterum
1691 2566 1858 2638 maluimus
1880 2570 1943 2642 hac

190 2676 223 2746 iu
243 2697 366 2759 caussa,
389 2673 557 2792 praecipue
577 2674 610 2742 in
630 2672 810 2742 accentibus
831 2689 863 2742 et
883 2671 1044 2767 spiritibus
1066 2671 1289 2767 appingeudis,
1308 2672 1539 2743 inconstantiae
1561 2697 1657 2769 quam
1678 2677 1860 2748 temeritatis
1880 2683 1940 2752 cri-

179 2811 265 2855 ·men
281 2785 451 2879 suscipere.
476 2783 636 2854 Terrebat
653 2783 736 2852 euim
756 2780 934 2877 exemplum
948 2770 1195 2867 Blomiieldi,
1163 2779 1294 2849 uuuium
1315 2783 1353 2852 de
1369 2784 1562 2878 proprietate
1583 2783 1709 2854 dialecti
1723 2786 1872 2858 Aeolicae
1892 2815 1941 2861 re·

92 2933 96 2944 ·
181 2895 381 2966 -centissimis
403 2893 630 2964 Grammaticis
651 2893 772 2978 conlisi,
796 2915 929 2987 quorum
949 2889 1083 2960 decretis
1108 2913 1206 2984 saepe
1228 2891 1429 2962 auctoritates
1449 2892 1603 2980 codicum,
1625 2895 1783 2966 interdum
1803 2915 1942 2996 veterum

192 3003 417 3099 magistrorum
436 3019 608 3099 praecepta
626 3019 815 3098 repugnant.

324 3113 460 3184 Librum
477 3118 552 3236 περὶ
573 3113 736 3237 Σαπφοῦς
756 3111 900 3181 ediderat
920 3108 1146 3195 Chamaeleon,
1171 3110 1257 3178 cuius
1277 3111 1423 3180 notitiam
1444 3111 1594 3182 dehemus
1615 3113 1780 3186 Adreuaeo
1801 3116 1905 3187 XIII.
1910 3150 1943 3216 p.

194 3235 326 3310 599.c.,
349 3223 490 3294 carmina
509 3221 575 3292 eius
596 3222 817 3317 interpretatus
839 3237 908 3291 crat
927 3218 1050 3290 Callias
1071 3219 1219 3306 Lesbius,
1243 3235 1322 3290 teste
1343 3219 1502 3291 Strabone
1525 3223 1614 3290 XIII.
1630 3226 1750 3318 Ρ.618,
1774 3227 1846 3295 'viva
1866 3255 1942 3300 voce

181 3335 374 3412 illustrabat
392 3331 573 3401 Alexander
595 3331 763 3428 Sophiam,
786 3330 932 3399 laudatus
954 3331 994 3400 ab
1014 3331 1154 3400 Aristide
1169 3328 1323 3426 Epitaph.
1340 3357 1372 3426 p.
1386 3339 1444 3417 85,
1468 3332 1686 3402 de'metn's
1658 3359 1724 3403 crus
1749 3356 1942 3408 commenta·

195 3463 244 3516 tus
257 3461 326 3514 erat
335 3444 446 3514 Draco
459 3442 717 3528 Stratonicensis,
732 3458 766 3510 ιιι
777 3442 915 3538 produnt
928 3441 1044 3510 Suidas
1061 3456 1093 3508 et
1103 3440 1248 3508 Eudocia
1262 3467 1292 3508 v.
1305 3441 1463 3537 Δράκων.
1486 3441 1538 3510 Ex
1551 3442 1769 3536 ὑπομνήματι
1781 3450 1944 3547 Σαπφοῦς

196 3556 291 3625 ducta
309 3571 358 3625 est
371 3552 518 3622 vocabuli
537 3553 699 3622 cuiusdam
720 3550 897 3646 explicatio,
919 3552 958 3620 de
974 3573 1036 3644 qua
1052 3549 1155 3644 agitur
1172 3548 1289 3643 fragm.
1306 3549 1460 3621 CXVIII.
1472 3559 1475 3566 '
1489 3551 1542 3620 Ex
1562 3553 1643 3621 lihro
1664 3567 1776 3622 octav'o
1793 3549 1943 3653 Sappho-

194 3665 246 3733 nis
263 3665 401 3758 Sopater
416 3663 583 3757 quaedam,
602 3661 693 3731 locos
708 3685 902 3746 communes,
922 3677 956 3729 ut
971 3661 1102 3746 videtur,
1122 3660 1156 3728 iu
1170 3659 1365 3754 Eclogarum
1381 3685 1508 3730 suarum
1523 3661 1637 3730 librum
1652 3665 1824 3734 secundum
1841 3685 1944 3740 trans·

187 3771 322 3856 tulerat,
345 3789 379 3842 ut
399 3774 549 3842 discimus
571 3797 588 3842 e
608 3773 727 3842 Photio
746 3769 833 3840 Bibl.
854 3773 926 3840 cod.
943 3770 1015 3838 161.

179 3941 185 3948 .
308 3955 310 3960 ,
330 3877 459 3950 Novem
473 3881 571 3952 libros
590 3884 706 3973 μελῶκ
723 3879 874 3978 λυρικῶν
895 3879 1051 3950 exstitisse
1072 3880 1187 3949 docent
1202 3880 1322 3951 Suidas'
1339 3897 1371 3948 et
1385 3879 1540 3964 Eudocia,
1564 3879 1617 3974 qui
1633 3905 1727 3975 quam
1743 3886 1783 3952 ad
1799 3911 1944 3960 nonnam

198 3992 350 4089 descripti
371 3991 500 4077 fuerint,
523 4017 589 4062 non
612 3994 743 4062 addunt.
788 3993 855 4062 Sed
876 4015 970 4060 nemo
995 3989 1088 4059 facile
1108 3991 1247 4085 putabit,
1271 3991 1312 4058 ab
1333 3987 1549 4085 ipsapoetria
1570 3987 1629 4058 hos
1652 3994 1825 4064 carminum
1845 3997 1943 4068 libros
2001 4005 2004 4012 ’

198 4101 389 4174 coniunctim
408 4101 509 4170 editos
530 4127 616 4170 esse:
639 4127 734 4196 quum
756 4100 1017 4172 aGrammaticis
1039 4099 1190 4168 collectos
1210 4125 1281 4168 esse
1301 4115 1419 4194 pateat,
1441 4096 1523 4168 certe
1544 4123 1609 4167 nou
1624 4121 1759 4196 possrmt
1773 4109 1944 4177 secundum

182 4230 333 4310 tempus,
355 4235 416 4306 (pro
436 4209 560 4303 singula
576 4212 717 4280 carmina
737 4212 914 4308 composita
935 4212 1007 4295 siut,
1028 4210 1163 4279 ordinati
1183 4209 1290 4276 fuisse.
1323 4209 1472 4276 Tradunt
1488 4226 1591 4278 auteur
1607 4211 1827 4300 Grammatici,
1846 4215 1944 4290 libros

198 4339 262 4392 tres
284 4323 406 4418 priores
428 4337 511 4389 totos
531 4347 569 4390 ex
589 4346 652 4389 uuo
673 4347 828 4416 quemque
847 4337 947 4389 metro
966 4320 1074 4404 fuisse,
1098 4319 1230 4388 duorum
1246 4317 1458 4386 consimilium
1477 4340 1623 4388 versuum
1643 4321 1788 4418 exempla
1810 4325 1842 4392 in
1862 4325 1943 4395 libro

201 4433 310 4558 quinto
333 4431 478 4526 reperiri,
506 4457 544 4500 ex
565 4455 627 4526 quo
650 4430 730 4498 tertii
754 4430 917 4498 cuiusdam
937 4431 1028 4498 r'uetri
1052 4427 1212 4528 versiculi,
1240 4423 1326 4520 quod
1348 4444 1380 4496 et
1398 4428 1503 4553 ipsum
1525 4427 1587 4496 illis
1609 4429 1703 4500 affine
1727 4447 1788 4517 est,
1818 4433 1858 4502 ab
1881 4435 1944 4505 alio

200 4543 355 4637 scriptore
380 4541 578 4626 laudantur,
575 4557 754 4667 postremo
774 4540 900 4664 septimi
920 4538 992 4607 libri
1011 4539 1151 4606 carmina
1173 4536 1329 4630 quaedam
1349 4539 1468 4606 rariore
1489 4554 1590 4606 metro
1617 4540 1733 4636 scripta
1753 4563 1838 4608 esse.
1867 4569 1943 4638 qua

200 4669 332 4778 propter
354 4651 483 4720 dubium
503 4650 613 4720 haberi
634 4651 752 4746 nequit,
776 4651 850 4744 quin
867 4647 1111 4720 Grammatici
1101 4673 1135 4715 ιιι
1155 4671 1242 4716 omnr
1233 4646 1321 4716 bac
1342 4647 1550 4762 descriptione
1570 4665 1741 4716 metrorum
1760 4650 1943 4724 varietatem

200 4764 246 4832 ita
266 4761 514 4845 observaverint,
537 4777 572 4830 ut
590 4761 803 4857 frequentiora
823 4783 932 4828 eorum
950 4759 983 4828 in
1004 4757 1103 4827 libros
1122 4759 1244 4854 priores
1266 4759 1468 4843 coniicercnt,
1477 4753 1681 4850 reliquorum
1701 4755 1794 4852 plura
1814 4761 1944 4857 singulis

1549 4869 1670 4954 [v]
