4242 5300
1008 239 1069 334 35

162 445 206 514 ad
217 444 316 540 Greg.
331 471 364 540 p.
376 454 451 528 579.
495 445 701 517 Probabilius
717 447 866 544 'l'oupius
888 473 1005 518 nomen
1032 449 1159 546 puellae
1182 449 1335 519 excidisse
1358 450 1515 546 opinatur,
1548 468 1658 548 estque
1682 479 1759 524 sane
1782 454 1909 552 aptissi-

161 577 265 642 mum,
288 557 375 650 quod
398 556 602 626 Hermannus
626 558 842 644 commendat,
871 557 986 632 Ἀτθί.
1033 559 1149 630 Totius
1172 559 1234 629 loci
1255 561 1329 628 inde
1353 585 1372 630 a
1394 585 1442 629 vs.
1453 560 1486 629 6.
1500 559 1681 657 frequenter
1701 566 1912 636 meminerunt

162 680 285 733 veteres
310 666 492 761 scriptores.
537 667 585 735 Ut
599 666 792 737 Plutarchus
814 685 942 764 praeter
964 670 1060 739 verba
1083 694 1181 766 supra
1204 685 1357 739 annotata
1378 695 1417 738 ex
1431 670 1597 741 Amatoria
1595 701 1653 801 p
1645 675 1743 756 ,763.
1759 676 1856 745 etiam
1869 677 1910 745 in

161 773 227 843 vita
247 773 405 844 Demetrii
425 803 458 870 p.
450 791 522 857 λι.7.
546 779 638 847 Hutt.
676 777 749 872 Τῆς
771 783 1003 877 Στρατονθιφς
1024 783 1085 850 καὶ
1106 776 1229 850 καθ’
1211 777 1337 875 εαυτήν
1358 781 1417 850 καλ
1438 810 1527 869 μετα
1548 781 1611 853 τοῦ
1638 783 1812 856 Σελεύκου
1832 815 1912 884 φοι·

160 879 269 1018 τιθφφς
299 884 526 972 πολλάκις,’
507 891 637 977 εγένιτο
668 883 713 957 eei
739 885 800 987 τῆς
821 891 1025 986 Σαπφοῦς’
1007 897 1122 960 ancira
1144 893 1221 1018 περὶ
1242 888 1428 981 Ἀντίοχον
1456 887 1579 962 πάντα·
1601 895 1714 990 φωνῆς
1736 895 1912 986 ἐπίσχεσις,

84 1053 92 1064 .
161 991 326 1092 ἐρύθημα
349 994 511 1091 πυρῶδες,
516 993 663 1126 Ηὸψειον
672 997 869 1083 ὑποδείξας,
891 1001 1032 1095 ιδρῶτες
1050 998 1196 1085 ὀξεις,’
1171 1006 1259 1084 αταξ
1241 1005 1298 1084 ξία
1318 1003 1378 1070 καλ
1400 997 1600 1096 θόρυβος’
1581 1031 1621 1073 εν
1640 1011 1714 1084 τοῖς
1735 1014 1912 1101 σφυγμοῖς,

161 1106 259 1184 τέλος
281 1103 329 1184 δέ,
349 1105 411 1199 τῆς
432 1106 549 1203 ψυχῆς
571 1101 663 1177 nerei
685 1104 812 1202 κράτος
833 1108 1037 1205 ητττομένης,
1059 1108 1188 1206 α’ποριά
1209 1113 1268 1180 καὶ
1289 1106 1435 1220 θάμβος
1456 1114 1516 1181 καὶ
1516 1108 1710 1239 “dyplasium
1757 1114 1848 1182 Idem
1871 1116 1911 1184 de

160 1213 387 1308 profectibus
379 1241 411 1281 rn
430 1215 547 1284 virtute
570 1216 742 1284 sentiendis
766 1243 799 1312 p.
791 1226 863 1286 ..81
921 1220 1006 1308 Νέῳ
1029 1217 1132 1315 ανδρλ
1155 1221 1355 1351 γευσαμένῳ
1377 1221 1548 1318 προκοπῆς
1570 1221 1767 1318 α’ληθοῦς’
1747 1252 1786 1294 εν
1807 1231 1912 1353 φιλο-

161 1328 267 1420 οοφέᾳ
286 1353 330 1395 τα
321 1319 506 1422 Σαπφινολ
527 1328 628 1396 ταυτὶ
649 1329 846 1422 παρέπεται,
868 1324 972 1399 Κατολ
993 1329 1061 1418 μέν
1082 1326 1243 1419 γλῶοο’”
1216 1357 1301 1419 εαγ,
1324 1328 1371 1399 ἄν
1394 1330 1433 1400 δέ
1455 1327 1582 1402 λεπτον
1603 1327 1725 1404 abac
1746 1334 1822 1429 χριὸ
1844 1336 1912 1430 πῦρ

129 1469 137 1486 ·
161 1433 382 1530 ὑποδέδρομε·
409 1438 469 1504 καὶ
495 1430 685 1531 ᾰθόρυβον
712 1435 793 1506 δέ
773 1461 859 1528 oper
879 1443 938 1508 καὶ
944 1439 1074 1574 πρᾷον
1100 1439 1208 1528 ὄμμα,
1232 1443 1473 1536 φθεγγομένου
1496 1438 1571 1511 δ’
1548 1440 1692 1512 moriem
1713 1441 1909 1540 ποθήσειας.

163 1542 381 1612 Aristaenetus
397 1543 440 1627 ΙΙ,
461 1551 492 1610 5.
538 1541 664 1614 Henna*
690 1549 955 1645 nellope'stp3
936 1547 1129 1645 εφάπτομαι
1153 1548 1215 1646 τῆς
1241 1555 1405 1645 καρδίας,
1439 1554 1498 1620 καλ
1526 1550 1648 1630 δεινοιῖς
1673 1551 1827 1644 ε’νπηδᾶν
1851 1555 1912 1624 καλ

162 1655 358 1750 φλέγεσθαί
377 1682 437 1742 μοι
450 1658 452 1666 ’
465 1661 571 1725 δοκεῖ.
615 1653 683 1722 Ubi
705 1659 913 1751 φλέγεσθαι,
942 1656 1028 1750 quod
1050 1681 1109 1750 pro
1132 1657 1260 1750 vulgato
1287 1661 1502 1755 φθέγγεσθαι
1522 1660 1756 1729 Boissonadius
1784 1662 1911 1731 dedite

162 1761 339 1832 coniectura
366 1761 572 1832 Valckenarii
597 1760 789 1832 Ruhnkenio
817 1789 941 1859 quoque
968 1764 1118 1859 probata,
1152 1767 1236 1834 idern
1265 1767 1373 1834 scribit
1400 1769 1442 1836 ad
1470 1769 1598 1863 Eunap.
1619 1795 1652 1863 p.
1674 1778 1750 1837 258.
1778 1770 1811 1838 in
1839 1771 1910 1840 cod.

161 1869 307 1940 Vindob.
323 1889 483 1966 repertum
504 1897 576 1940 esse
599 1896 618 1940 a
639 1871 766 1940 Bastio.
811 1874 878 1964 Sed
899 1873 1033 1942 Aristidi
1056 1874 1193 1942 lllonod.
1210 1875 1249 1943 de
1273 1877 1410 1968 Smyrna
1432 1903 1464 1970 p.
1476 1875 1550 1944 261.
1567 1903 1631 1947 nou
1655 1879 1757 1971 magis
1781 1879 1909 1949 satissa-

162 1979 204 2050 cit
224 1979 366 2050 laudatio
387 1981 628 2078 pulchritudinis
651 2005 700 2050 vs.
718 1999 768 2050 tt.
784 1999 940 2067 contenta,
964 2009 1027 2077 qua
1050 1999 1262 2078 spectatorum
1285 1983 1368 2053 oculi
1391 2002 1604 2070 occaeccntur,
1628 2012 1724 2080 quam
1739 1988 1911 2058 Homerica

162 2114 321 2159 comarum
345 2118 416 2160 curn
438 2090 606 2184 hyacintho
630 2092 838 2187 comparatio.
883 2093 1060 2188 Utramque
1084 2093 1352 2187 praedicationem
1374 2111 1617 2188 exsuperaturus
1641 2095 1685 2164 ita
1708 2098 1830 2166 scribit:
1859 2097 1911 2170 Τδ

159 2201 246 2297 ὑπέρ
260 2198 376 2298 -πᾰορς
397 2204 459 2294 τῆς
479 2200 609 2282 π’·όλειος
629 2198 768 2298 έοτηαδς
789 2199 904 2291 γάνος,
928 2201 971 2272 ori
986 2208 1195 2300 διαφθεῖρον
1217 2201 1279 2282 τοῖς
1299 2202 1411 2296 ὄψεις,
1434 2205 1480 2283 uic
1501 2209 1566 2300 ἔφη
1583 2201 1723 2302 Σαπφολ,
1744 2204 1821 2278 ἀλλ’
1843 2206 1910 2278 αὖ·

161 2316 224 2396 ξον
245 2314 305 2381 καὶ
323 2313 449 2410 τρέφον
471 2316 530 2382 καὶ
548 2312 659 2409 ἄρδον
681 2311 757 2402 ἅμα
778 2309 945 2402 εὐθομέρ·
966 2313 1165 2400 ὑακινθίνῳ
1186 2312 1252 2400 μέν
1272 2311 1380 2385 ἄνθει
1401 2313 1563 2401 οὐδαμῶς
1585 2312 1717 2404 ὅμοιον,
1740 2314 1818 2386 ἀλλ’
1833 2317 1910 2388 οἷον

160 2417 266 2492 οὐδέν
285 2419 415 2493 πιδποτε
436 2421 481 2520 γῆ
502 2405 562 2493 aial
583 2421 680 2520 ἥλιος
701 2419 903 2517 ἀνθρώποις
924 2427 1071 2518 ἔφηναν.
1116 2421 1169 2489 Ad
1190 2421 1399 2518 Sapphouem
1426 2421 1496 2490 sola
1522 2421 1601 2492 haec
1622 2425 1796 2516 pertinent,
1830 2433 1909 2498 δια-

160 2535 311 2630 φθεῖρον
331 2529 395 2612 τοὶς
416 2533 529 2624 dipem:
561 2529 657 2601 ceteri
678 2529 784 2616 fleres,
812 2526 929 2616 αὔξον,
954 2534 1092 2628 τρέφον,
1116 2529 1238 2628 ἄρδον,
1267 2531 1407 2628 decerpti
1428 2549 1502 2601 sunt
1524 2557 1561 2600 ex
1583 2531 1730 2601 Platonis
1754 2533 1906 2604 Phaedro

160 2666 195 2735 p.
205 2640 280 2718 2116.
297 2667 324 2710 e.
336 2651 411 2711 951.
426 2641 459 2712 h.
471 2642 503 2711 d.
547 2641 600 2709 Ex
627 2640 737 2736 quinta
764 2640 905 2736 stropha,
938 2667 958 2710 a
985 2640 1128 2725 consilio,
1153 2666 1215 2735 quo
1243 2657 1347 2712 cetera
1367 2649 1408 2712 'se
1433 2642 1507 2711 dicit
1529 2667 1722 2738 expromere,
1755 2645 1906 2732 seiuncta,

162 2750 266 2821 solum
288 2750 456 2844 Longinus
479 2751 632 2821 adscribit
660 2776 787 2821 versum
808 2750 956 2847 primum,
985 2751 1099 2822 deinde
1127 2751 1276 2821 inchoata
1302 2752 1458 2821 sententia
1486 2753 1630 2846 abrupta,
1663 2777 1759 2847 quam
1782 2756 1907 2850 egregie

161 2887 219 2956 per
247 2887 374 2930 ornnem
400 2861 491 2932 illum
517 2860 623 2930 locum
657 2861 800 2930 diversas
827 2859 1012 2930 affectiones
1046 2885 1120 2930 suas
1152 2864 1276 2956 poetria
1302 2861 1467 2956 depingat,
1500 2863 1577 2930 scite
1604 2863 1787 2933 admiratur.
1839 2865 1907 2936 Sed

160 2972 261 3066 ipsius
291 2996 401 3040 versus
424 2971 516 3040 huius
540 2989 673 3040 metrum
696 2971 855 3040 turbatum
877 2988 935 3054 est,
967 2972 1085 3040 inserta
1112 2987 1187 3066 post
1213 2973 1286 3042 ἐπεὶ
1307 2970 1428 3040 vocula
1441 2975 1512 3060 καλ,
1542 2997 1637 3066 quam
1659 2973 1693 3040 in
1714 2971 1792 3042 Par.
1807 2973 1908 3044 Laur.

160 3079 241 3150 Vat.
255 3095 327 3149 Μ.
343 3097 501 3176 repertam
530 3097 700 3150 testantur:
737 3079 934 3174 zaccagnius
963 3097 1068 3150 tamen
1094 3082 1129 3149 in
1149 3080 1272 3149 Vatss.
1293 3079 1445 3148 omissam
1467 3081 1584 3150 scribit.
1632 3081 1754 3152 Totum
1781 3107 1909 3154 versum

161 3191 366 3284 neglexerunt
382 3189 576 3286 Stephanus,
600 3191 751 3276 Ursinus,
774 3189 843 3273 alii,
866 3189 1073 3261 Robortcllus
1096 3191 1184 3260 dedit
1205 3191 1276 3261 e'ual
1297 3193 1372 3262 πέ-
1395 3206 1426 3259 et
1441 3191 1533 3283 quasi
1555 3179 1691 3286 proriimi
1714 3217 1824 3261 versus
1846 3191 1907 3262 ini·

161 3301 239 3370 tium
266 3328 354 3397 νητα
383 3297 582 3390 θαυμάζεις.
629 3300 703 3370 Hoc
724 3316 820 3397 patet,
853 3300 995 3395 Longini
1016 3281 1192 3371 orationem
1214 3301 1376 3394 aptissime
1404 3299 1499 3395 incipi
1522 3324 1542 3369 a
1566 3301 1670 3370 verbis
1694 3298 1736 3371 oei
1759 3293 1907 3390 θαυμά-

161 3419 237 3496 ζεις.
280 3410 407 3480 Verum
434 3411 657 3506 quaerentibus
684 3411 789 3496 nobis,
817 3435 898 3505 quae
926 3411 1020 3480 luerit
1046 3409 1211 3479 inchoatae
1235 3408 1385 3506 strophae
1407 3410 1580 3496 sententia,
1613 3411 1764 3479 succurrit
1787 3409 1908 3480 Catulli

160 3547 297 3606 cannen,
329 3547 410 3616 pene
433 3521 628 3590 adverbum
658 3547 695 3588 ex
719 3520 852 3590 Graecis
879 3546 1016 3606 versum,
1048 3537 1083 3590 ut
1109 3521 1143 3588 in
1170 3521 1396 3614 superiorihuS,
1426 3519 1472 3588 ita
1498 3520 1531 3589 in
1558 3519 1608 3588 his
1637 3520 1792 3604 extremis,
1825 3543 1906 3614 quae

161 3633 289 3726 quidem
311 3632 393 3701 inter
407 3618 450 3700 ¹se
473 3630 615 3700 consenc
637 3630 719 3700 licet.
766 3630 911 3701 Catullus
935 3630 1074 3699 animum
1096 3629 1137 3698 ab
1160 3631 1226 3699 otio
1248 3645 1386 3714 revocat,
1412 3627 1547 3722 Sappho
1571 3653 1605 3722 se
1628 3628 1699 3720 ipsa
1721 3629 1763 3697 ad
1786 3630 1905 3699 auden·

160 3742 237 3811 dum
260 3739 456 3823 exhortatum
479 3741 625 3811 Catullus
648 3741 702 3810 ubi
725 3740 824 3809 otium
846 3739 895 3809 vel
917 3765 1009 3832 reges
1031 3741 1205 3834 beatasque
1227 3739 1323 3809 urbes
1347 3738 1523 3833 perdidisse
1547 3737 1632 3823 dicit,
1654 3736 1753 3808 multo
1777 3740 1906 3834 gravius

159 3852 291 3948 privatis
315 3868 346 3920 et
367 3851 558 3945 pauperibus
581 3876 653 3920 esse
674 3849 846 3944 significat:
868 3849 902 3917 in
918 3848 1102 3944 Sapphonis
1125 3874 1220 3918 versu
1241 3849 1302 3918 etsi
1316 3853 1376 3920 καὶ
1398 3847 1440 3916 ob
1463 3862 1598 3914 metrum
1620 3846 1725 3916 locum
1748 3850 1828 3919 tueri
1846 3877 1905 3920 ne-

160 3962 238 4057 quit,
265 3978 372 4030 tamen
394 3987 413 4030 a
434 3959 585 4055 Longino
607 3961 744 4030 sortasse
767 3959 918 4054 scriptum
939 3976 988 4028 est
1010 3985 1070 4054 pro
1092 3959 1235 4030 enclitica
1256 3989 1303 4045 τε,
1339 3983 1419 4052 quac
1440 3957 1625 4027 memoratis
1648 3959 1840 4052 pauperibus
1863 3960 1905 4030 ad

125 4109 130 4120 ·
158 4097 250 4166 reges
273 4071 345 4142 illos
368 4072 525 4166 urbesque
549 4073 581 4139 in
603 4071 704 4140 altero
727 4070 879 4140 orationis
902 4071 1045 4138 membro
1069 4069 1297 4163 subsequentes
1321 4067 1483 4136 attendere
1505 4065 1656 4136 lectorem
1678 4069 1814 4152 iuberct3
1837 4071 1903 4138 vel·

158 4199 193 4252 ut
212 4182 243 4249 si
266 4183 360 4250 talem
382 4180 416 4249 in
437 4182 569 4248 modrun
589 4179 737 4249 universa
760 4179 892 4273 stropha
914 4178 1112 4248 conformata
1134 4193 1216 4248 erat:
1247 4172 1361 4250 Ἀλλοῖ
1383 4175 1453 4246 πᾶν
1473 4175 1659 4266 τολματδν,
1684 4181 1754 4250 ἐπεὶ
1773 4177 1905 4277 πένφτδ

157 4291 186 4366 τ’
202 4291 358 4366 Ὦλεοέν
379 4289 459 4361 ποθ’
480 4291 607 4382 δονχέα
628 4292 776 4386 τέρεινα,
799 4288 952 4380 Ὄλβιόν
974 4287 1000 4360 τ’
1022 4288 1087 4386 ἤδη
1109 4287 1274 4384 βασιλῆα,
1301 4284 1438 4356 πολλῶν
1460 4284 1488 4358 τ’
1504 4287 1633 4359 'Aurea
1655 4288 1761 4360 λαοόν.
1808 4289 1903 4357 Certe

158 4403 237 4474 nihil
266 4419 324 4488 est,
360 4427 414 4471 cur
440 4402 473 4470 in
500 4400 550 4469 his
579 4399 726 4468 Catullus
755 4421 774 4466 a
798 4398 923 4466 Graeca
950 4399 1072 4492 poetria
1094 4397 1279 4466 discessisse
1302 4394 1506 4465 existimetur.
1545 4396 1696 4467 Cetenrm
1717 4393 1902 4487 τολματδν,

159 4515 246 4610 quod
268 4513 301 4582 in
323 4511 430 4581 Paris.
446 4537 517 4581 cum
544 4509 747 4579 antecedente
770 4507 924 4576 vocabrdo
948 4505 1074 4591 coaluit,
1108 4507 1258 4574 vertimus
1282 4505 1487 4590 audendum,
1522 4530 1715 4601 quamquam
1737 4507 1776 4575 ab
1801 4505 1902 4576 altero

158 4624 315 4695 adiectivo
338 4621 458 4692 verbali
480 4622 672 4710 τολματέον
694 4617 890 4712 aliquantum
914 4615 1031 4701 dissert,
1056 4615 1140 4710 quia,
1164 4615 1192 4684 si
1207 4616 1284 4708 quid
1298 4613 1503 4709 intelligimus
1526 4617 1589 4685 tale
1612 4639 1693 4700 esse,
1717 4617 1804 4709 qued
1824 4639 1900 4711 pos·

159 4735 202 4804 sit
224 4734 344 4818 auderi,
366 4731 551 4826 urgentibus
575 4728 770 4825 temporibus
793 4727 974 4798 audendum
996 4727 1093 4797 etiam
1114 4725 1329 4797 decemimus.
1366 4724 1503 4821 Proprie
1526 4725 1611 4794 enim
1632 4725 1704 4796 πᾶν
1721 4722 1901 4818 τολματδν
1990 4793 1996 4802 .

1500 4839 1582 4918 [ὅἾ
