4274 5290
1043 237 1105 349 75

1034 464 1125 534 LXI.

334 571 525 642 Aristoteles
548 571 684 644 Rhetor.
706 573 733 659 l,
752 587 782 656 9.
822 568 878 645 Tei
898 570 1027 670 αἰσχροὶ
1048 572 1291 667 αἰσχύνονται,
1315 579 1375 648 καὶ
1396 576 1572 669 λέγοντες,
1594 577 1655 648 καὶ
1677 573 1869 668 ποιοῦντες,
1892 581 1953 652 καὶ

201 683 400 770 μέλλοντες·
422 682 531 781 (ὅπερ
553 687 613 756 καὶ
635 679 766 780 Σαπφσό
787 689 976 778 πεποίηκεν,
997 680 1154 765 ειίιόνιος
1174 689 1237 756 τοῦ
1258 683 1444 759 Ἀλκαίου·

669 795 769 865 Θέλω
790 824 824 864 τι
845 789 957 887 εἰαῆν,
987 793 1081 866 ἄλλα
1101 825 1145 885 με
1166 793 1292 868 κωλύει

668 899 792 982 αι’δσός·

671 1008 724 1084 Ae'
743 1009 845 1084 δ’ἵκέ
863 1009 889 1083 σ’
901 1013 1012 1085 ἐσλῶν
1035 1020 1150 1111 ἵμερος
1171 1014 1193 1106 ἦ
1217 1014 1345 1102 καλῶν,

666 1125 727 1193 καὶ
747 1119 797 1219 μή
817 1153 850 1193 τι
870 1119 968 1222 σιἰιῆν
989 1125 1107 1217 γλῶσσ
1119 1121 1222 1194 ἐκύκα
1244 1121 1365 1207 κακόν,

666 1227 772 1311 aldeis
796 1235 867 1312 [δέ]
891 1236 952 1305 κέν
975 1231 1000 1304 σ’
1017 1233 1081 1304 οὐκ
1103 1235 1196 1325 εἶχεν
1218 1230 1354 1324 ὄμματ’,

664 1338 740 1412 ἀλλ’
750 1347 866 1432 ἔλεγες
887 1346 962 1440 περὶ
985 1344 1032 1414 aed
1053 1350 1184 1415 δικαιόο.

197 1449 240 1518 St
260 1473 333 1519 cem
358 1461 391 1520 te
412 1449 581 1519 incederet
602 1450 769 1518 donorum
791 1452 996 1520 desiderium
1022 1455 1077 1522 vel
1094 1452 1328 1538 honestorum,
1359 1475 1422 1522 nec
1444 1453 1561 1546 lingua
1582 1455 1715 1548 aliquid
1733 1455 1863 1544 malum
1884 1455 1944 1526 mi·

197 1571 305 1628 sceret
327 1560 497 1644 locutum,
516 1560 635 1650 pudor
653 1583 725 1628 non
748 1560 956 1630 titionem
978 1563 1115 1656 oculos,
1126 1564 1197 1632 sed
1217 1563 1343 1632 diceres
1367 1564 1410 1658 tle
1430 1588 1465 1632 re
1485 1562 1590 1633 iusta.
1634 1565 1745 1634 Versu
1765 1565 1868 1659 primo
1891 1591 1946 1636 ve·

165 1677 170 1684 '
198 1683 281 1737 teres
304 1669 378 1738 libri
401 1670 477 1738 editi
500 1670 625 1748 ἵκες-ἐς
646 1669 783 1740 ἐσθλῶν
804 1676 934 1766 ἵμερον,
962 1671 1055 1764 pauci
1077 1673 1135 1742 ἵκέ
1152 1670 1179 1742 ο’
1190 1675 1326 1742 ἐσθλῶν
1348 1679 1474 1770 ἵμερος,
1503 1671 1641 1742 fortasse
1664 1700 1702 1742 ex
1725 1677 1945 1744 emendatione

199 1777 372 1871 Scaligeii,
404 1779 446 1847 ad
467 1777 588 1870 virgil.
612 1777 704 1846 Cirin
717 1797 758 1872 Ῥ.
777 1779 829 1847 63.
851 1791 883 1846 'et
905 1779 947 1846 ad
969 1779 1089 1848 Euseh.
1113 1805 1145 1873 Ρ.
1165 1788 1217 1848 85.
1241 1781 1385 1875 prodita,
1418 1807 1515 1874 quarn
1536 1784 1675 1876 probant
1698 1782 1879 1853 Gatalrerus
1901 1785 1945 1854 ad

200 1886 251 1955 M.
270 1888 393 1956 Anton.
420 1905 453 1983 Ρ·.
472 1887 525 1972 69,
558 1886 706 1981 Toupius
729 1887 771 1956 ad
792 1885 932 1980 Longin.
959 1914 991 1982 Ρ.
1013 1901 1087 1972 301,
1119 1887 1314 1958 Gaislordus
1337 1890 1380 1957 ad
1401 1889 1579 1982 Hephaest.
1607 1919 1640 1986 Ρ.
1660 1892 1740 1976 336,
1769 1892 1943 1986 Volgems,

194 1995 417 2082 Blomlicldus,
441 1996 645 2066 Hermannus
662 1995 768 2064 Elem.
787 1997 886 2065 doctr.
904 2013 994 2066 metr.
1017 2023 1049 2090 p.
1070 1996 1145 2080 689.
1180 1995 1259 2069 'res
1273 1996 1300 2068 o'
1320 1999 1355 2067 in
1375 2004 1479 2067 veter'c
1500 2000 1607 2068 codice
1629 2001 1750 2071 invonit
1766 2002 1943 2072 Victorius.

193 2105 233 2174 ln
256 2104 326 2174 cod.
349 2105 469 2174 Dresd.
493 2106 583 2197 εἶχες
604 2105 742 2177 ἐσθλῶν
768 2111 888 2201 ἵμερον
911 2106 975 2200 legi
997 2123 1130 2176 testatur
1152 2103 1297 2176 Naelrius
1322 2107 1363 2176 ad
1387 2106 1529 2176 Choeril.
1552 2135 1585 2204 p.
1605 2108 1686 2193 1166,
1720 2110 1867 2204 idemque
1896 2110 1942 2180 le-

193 2217 332 2284 ctionem
354 2220 471 2312 ἵμερος
493 2216 638 2285 codicum
659 2215 721 2284 fide
745 2215 874 2292 destitui
896 2217 950 2284 ait.
997 2216 1093 2286 Certe
1115 2242 1182 2286 non
1205 2217 1332 2310 scripsit
1354 2216 1504 2311 Sappho,
1527 2216 1597 2298 ἵκες
1620 2224 1752 2315 ἵμερον,
1776 2217 1836 2288 hoc
1858 2221 1943 2289 enim

194 2340 290 2409 esset,
313 2341 388 2394 voto
411 2326 518 2421 potiri.
557 2323 645 2406 Ἰκες
667 2324 823 2410 Ursinus,
848 2349 1042 2419 quamquam
1062 2327 1097 2394 in
1119 2327 1324 2394 annotatione
1347 2352 1380 2419 p.
1399 2327 1472 2394 286.
1495 2327 1545 2396 his
1568 2327 1654 2396 idern
1676 2351 1824 2423 asperum
1845 2329 1942 2423 spiri·

193 2449 260 2503 turn
291 2452 406 2504 servat.
452 2434 589 2507 Ἐσλῶν
611 2433 804 2533 sumpsimus
832 2459 870 2502 ex
901 2436 976 2504 edit.
1000 2434 1109 2504 Aurel.
1133 2435 1259 2505 Allobr.
1278 2460 1308 2504 a.
1328 2433 1429 2519 1606,
1468 2435 1523 2505 ubi
1551 2460 1701 2506 excusum
1737 2451 1785 2504 est
1815 2436 1943 2509 ἐσλῶν.ο

195 2544 364 2614 concinunt
396 2545 593 2640 Stephanus,
624 2545 782 2629 Ursinus,
813 2543 973 2638 Scaliger,
1005 2545 1228 2613 Blomlieldus.
1277 2543 1428 2613 Cetcnrm
1460 2544 1642 2639 Stephanus
1673 2561 1706 2614 et
1735 2545 1874 2616 Ursinus
1905 2551 1942 2630 ἐς

193 2652 303 2725 ἐσλῶν
324 2659 454 2750 ἵμερον.
477 2655 541 2724 Vs.
560 2671 591 2722 2.
614 2654 687 2723 libri
709 2669 832 2722 veteres
855 2657 971 2748 partim
992 2653 1066 2754 μήτ’
1084 2652 1194 2726 ειίιεῗν
1215 2653 1265 2722 vel
1279 2649 1389 2753 εἶιιῆν,
1412 2655 1530 2749 partim
1550 2653 1601 2748 μή
1622 2660 1661 2726 τί
1676 2653 1705 2726 τ’
1715 2651 1836 2728 εἰπεῖν.
1861 2657 1939 2727 Sca·
1981 2647 1983 2652 ⁸

192 2761 510 2863 1ἰρο1μηὸἕνεῖκῆ.
549 2763 614 2868 Ys.
633 2779 664 2831 3.
687 2763 782 2857 vedgo
805 2759 910 2844 αι’δσός
930 2765 993 2835 κέν
1015 2793 1052 2835 σε
1074 2763 1138 2834 οὐκ
1160 2763 1254 2853 εἶχεν
1276 2763 1426 2853 ὄμματα.
1464 2763 1605 2834 Ursinus
1627 2762 1738 2836 σὀὄκ.
1785 2765 1938 2860 Scaliger,

191 2869 296 2953 αι’ὄιός
317 2902 378 2946 κεν
401 2872 485 2965 οὐχί
502 2873 531 2946 ο’
541 2875 634 2966 εἶχεν
656 2871 791 2963 ὄμματ’.
835 2873 1017 2966 Volgcrus,
1050 2871 1156 2952 αι’δσός
1180 2903 1217 2944 τε
1238 2870 1306 2944 νῦν
1328 2870 1451 2954 σὀὄκ,
1482 2875 1557 2968 quia
1584 2875 1618 2943 in
1641 2874 1712 2942 cod.
1734 2871 1873 2944 Victorii
1896 2876 1938 2946 sit

191 3011 247 3057 νυ.
281 2982 714 3068 Β111116111111,αι’ὸ“ὥ1κεν
736 2981 822 3074 οὐχί
839 2981 866 3054 τ’
877 2981 994 3053 ὄιιπατ’
1006 2983 1109 3073 εἵχςν.
1149 2979 1939 3075 Η111111111111,αι’δόςκέτευςοὺκεῖχενόιι-

190 3092 276 3166 ηατ’.
310 3095 435 3188 Estque
459 3117 535 3162 sane
558 3089 742 3164 όιιιιότεσσι
764 3092 919 3175 cannll,
941 3107 991 3159 11.
1033 3087 1188 3176 Naelrius,
1224 3087 1330 3170 αι’διός
1351 3093 1397 3163 κέ
1414 3090 1518 3163 οόὄκ
1540 3091 1588 3162 ὄν
1608 3092 1711 3183 εἶχεν,
1743 3117 1780 3160 ex
1802 3092 1937 3162 lectione

191 3206 262 3275 cod.
284 3203 404 3273 Dresd.
428 3201 497 3287 hac,
520 3198 626 3281 αι’δοός
648 3204 710 3272 κέν
732 3231 768 3273 oe
790 3200 832 3272 ου’
854 3202 921 3272 κᾶν
942 3228 1015 3294 χεν.
1059 3199 1283 3270 Mchlhomius
1305 3199 1438 3270 Anthol.
1458 3201 1527 3295 lym·
1540 3229 1572 3297 p.
1592 3215 1644 3282 17.
1666 3199 1771 3282 αι’ὄιός
1793 3204 1837 3272 κε’
1855 3199 1881 3273 σ’
1895 3201 1937 3273 ον’

191 3323 351 3407 κατεῖχεν
380 3311 508 3384 ὄπιιαι·’.
548 3310 745 3380 Matthiacus
767 3313 801 3380 in
824 3309 935 3380 Alcaei
962 3310 1109 3404 lragmm.
1132 3336 1163 3404 p.
1184 3327 1237 3387 ht.
1260 3305 1366 3388 ae’dcdc
1388 3313 1433 3381 κε’
1450 3339 1510 3382 σεο
1534 3308 1599 3381 οοίι
1622 3311 1715 3401 εἶχεν
1736 3311 1873 3401 ὄμματ’,
1898 3337 1936 3379 ex

189 3423 272 3493 libro
292 3423 384 3518 Lips.
407 3439 541 3491 enotans
565 3417 669 3502 αι’διός
690 3449 752 3493 κεν
774 3421 846 3493 σοό.
882 3418 955 3489 Nos
978 3419 1159 3503 maluimus,
1182 3419 1294 3486 ceteris
1317 3420 1456 3504 intactis,
1479 3420 1519 3491 dd
1541 3418 1685 3490 rotulam
1707 3420 1856 3504 inserere,
1880 3443 1934 3488 oo·

191 3533 264 3602 dem
286 3532 384 3601 modo
407 3523 444 3602 ei
467 3531 591 3628 protasi
611 3532 758 3601 iteratam
778 3531 812 3600 in
834 3531 979 3624 epodon,
1003 3552 1066 3625 quo
1087 3528 1268 3623 frequenter
1290 3528 1351 3598 sihi
1373 3527 1552 3600 reseruntur
1573 3528 1762 3623 pronomina
1784 3525 1824 3607 ds
1842 3529 1881 3604 dd
1902 3544 1935 3598 et

187 3641 288 3724 οὗτος
310 3645 358 3716 δι’.

318 3970 504 4040 Athenaeus
523 3971 610 4038 Xlll.
634 3971 822 4066 Ρ.561.11.,
852 3987 1023 4066 postquam
1052 3971 1092 4039 ab
1116 3970 1188 4040 aliis
1217 3995 1342 4065 quoque
1373 3970 1535 4040 oculomm
1556 3969 1692 4062 gratiam
1719 3970 1931 4041 collaudatam

186 4082 383 4167 memoravit,
406 4081 486 4151 haec
501 4083 626 4150 adiicit:
650 4084 721 4152 Kal
736 4113 758 4180 η
780 4077 912 4179 Σαπφιό
927 4081 965 4152 δὲ
981 4076 1068 4179 ιιρός
1081 4079 1145 4153 τόν
1164 4077 1453 4176 ὑπερβαλλόντως
1471 4077 1749 4170 θαυμαζόμενον
1762 4077 1827 4174 τήν
1843 4109 1930 4178 μορ·

185 4190 257 4292 φῆν
278 4195 338 4262 καὶ
358 4188 470 4263 καλόν
492 4190 583 4262 εἶναι
602 4187 832 4280 νομιζόμενόν
853 4214 957 4290 φημ’,

980 4303 1094 4372 >ledor
1117 4294 1230 4370 κᾶντα
1250 4302 1362 4395 φίλος,

578 4459 582 4468 -
643 4412 701 4479 καὶ
721 4405 789 4480 τᾶν
811 4407 858 4484 ἐπ’
871 4409 984 4488 ὄσσοις
1005 4407 1200 4498 α’μιιέιασον
1222 4405 1339 4506 χάριν.
1930 4487 1933 4496 1

183 4520 325 4590 Adsere
347 4529 382 4587 et
404 4541 534 4602 comm,
563 4516 689 4600 amice,
718 4528 754 4585 et
774 4518 952 4586 oculorum
974 4518 1136 4607 expande
1156 4517 1311 4608 gentiam.
1356 4517 1430 4588 Kal
1450 4516 1622 4611 particulae
1645 4513 1842 4610 hyperbaton
1863 4515 1928 4582 usi·

186 4646 287 4700 tatmn
309 4645 359 4700 est
379 4627 543 4697 Pindaro:
569 4653 645 4696 narn
667 4653 738 4696 cum
761 4625 831 4694 solo
854 4627 1005 4696 adverbio
1029 4627 1119 4697 ἄνια
1142 4641 1322 4696 constructa
1344 4625 1421 4720 quid
1443 4625 1612 4718 significet,
1634 4649 1699 4694 non
1721 4622 1928 4716 assequimur.

185 4737 241 4810 Ad
262 4739 347 4810 hnnc
368 4737 473 4810 locum
495 4737 682 4833 pertinuerit
693 4735 847 4832 Hesychii
869 4736 996 4830 glossa:
1019 4735 1249 4828 Ἀμιιέτασον,
1272 4732 1519 4829 ὄνακόλνιμον.
1541 4733 1683 4882 Μρ111111
1704 4731 1834 4804 alterius
1856 4759 1927 4804 ver·

1477 4889 1481 4896 ·
1510 4855 1570 4923 [¹0
1597 4853 1611 4921 l
