4274 5290
1035 232 1096 344 78

963 353 1178 368 ῌ

327 575 510 646 Athenaeus
526 572 615 640 XIII.
632 600 664 667 p.
657 581 751 654 .571.
765 573 797 640 d.
824 571 993 640 aaomine
1016 575 1156 667 ἑταίρας
1177 569 1336 638 interdum
1358 593 1485 639 omnem
1507 569 1732 664 turpitudinem
1755 570 1869 640 abesse
1894 567 1951 638 de·

195 704 388 789 monstrans,
423 685 516 754 simul
539 710 611 753 cum
633 682 749 775 fragm.
765 681 905 751 XLVII.
928 679 1008 751 haec
1030 681 1170 774 profert:
1204 683 1325 750 Kol'
1299 705 1363 750 eu·

565 789 671 863 Λατιό
695 820 754 861 και
745 790 900 882 ’Νιόβα
920 789 1021 880 μάλα
1040 791 1109 879 μέν
1131 787 1270 886 φίλαι
1249 817 1338 886 ησαν
1358 794 1509 913 ἑταῖραι.’

76 921 80 940 ¹
194 910 333 977 Latona
356 917 389 974 et
408 903 521 975 Ntobc
545 924 612 992 per
629 901 763 992 quidem
786 923 888 968 came
910 910 1008 968 crant
1028 923 1172 968 amicae.
1218 898 1292 965 Hoc
1315 897 1387 966 ab
1377 899 1477 984 mitio,
1506 915 1540 967 ut
1560 898 1693 986 videtur,
1723 897 1766 968 ad
1788 899 1948 968 insecutas

195 1017 371 1085 inimicitias
401 1013 524 1109 poetria
551 1011 717 1106 processit,
753 1025 784 1078 et
811 1010 854 1077 ad
885 1023 1025 1100 stragem
1053 1007 1224 1076 liberorum
1247 1003 1385 1076 Niobae.
1432 1007 1533 1097 Quod
1555 1025 1773 1101 argumentum
1797 1007 1948 1104 Sappho-

194 1152 269 1195 uem
290 1125 445 1218 attigisse,
469 1123 561 1192 docet
584 1119 708 1190 Gellius
731 1118 806 1204 XX,
820 1133 852 1202 7,
876 1118 952 1187 dum
974 1118 1015 1188 ab
1038 1142 1076 1186 ea
1098 1114 1227 1187 Niobae
1250 1115 1368 1186 liberos
1390 1117 1440 1187 bis
1464 1141 1607 1188 novenos
1631 1119 1732 1186 dictos
1756 1133 1900 1188 testatur.

990 1335 1149 1406 LXVIII.

324 1453 506 1522 Demetrius
538 1450 576 1519 de
606 1448 1167 1543 εΙοιιιι.ι.1ιι1.Χαριενιίζεται
1198 1450 1240 1520 δέ
1260 1475 1340 1519 ποτε
1363 1443 1502 1546 Σαιιφιό
1526 1451 1586 1518 aet
1592 1450 1649 1575 f}
1676 1445 1870 1545 αναφορᾶς,
1899 1446 1948 1527 ὥς

193 1567 246 1636 e'al
267 1565 329 1634 τοῦ
351 1565 535 1658 Εσιιέροσ·
573 1559 731 1653 Εσιιερε,
754 1556 867 1628 πάντα
889 1559 1013 1653 φέρεις,
1036 1561 1127 1655 φησι,
1156 1561 1270 1654 φέρεις
1290 1557 1397 1638 οἶνον,
1426 1557 1608 1655 φέρεις
1562 1587 1656 1647 αιγα,
1685 1560 1799 1654 φέρεις
1820 1559 1948 1653 ματέρι

192 1681 308 1745 παῖδα.
332 1677 392 1741 καὶ
414 1670 483 1765 γάρ
505 1669 665 1739 ἐνταῦθα
686 1669 709 1764 ἦ
729 1666 831 1763 χάρις
859 1669 951 1738 ἐστὶν
971 1669 1011 1736 ἐν
1032 1667 1092 1764 τῆς
1113 1668 1235 1750 λέξεως
1262 1668 1322 1765 τῆς
1343 1671 1454 1764 φέρεις
1477 1669 1529 1736 ιἰιλ
1550 1663 1592 1737 τό
1613 1663 1702 1737 adro
1723 1665 1947 1764 ἀναφερομέ-

192 1812 264 1876 νης.
309 1780 457 1849 Eundem
480 1780 582 1848 locum
603 1775 813 1844 Blomlieldus
836 1776 952 1870 respici
974 1775 1182 1869 putatEtym.
1199 1775 1249 1844 M.
1265 1801 1297 1869 p.
1311 1792 1382 1860 1717,
1393 1791 1446 1860 47,
1468 1776 1523 1845 ubi
1545 1777 1587 1843 ad
1610 1776 1760 1844 tuendam
1776 1775 1943 1844 Aeolicam

193 1891 329 1958 somnam
352 1887 444 1968 αὔως
466 1887 517 1956 hic
540 1885 728 1954 adscribitur
750 1909 859 1986 versus
884 1883 1086 1978 sapphonis:
1108 1884 1268 1980 Ἕσπερε,
1292 1885 1406 1956 πάντα
1429 1889 1555 1984 φέρων,
1580 1884 1646 1957 ὅσα
1668 1883 1828 1981 φαινόλις
1850 1886 1946 1956 ἐσκέ-

192 1999 264 2073 δας’
288 1999 389 2078 αὔας.
436 1997 481 2066 Et
502 2024 534 2091 p.
552 2003 626 2072 aba.
642 1995 708 2062 init.
731 1994 902 2089 ’Ἑσιιερος
922 1997 981 2064 καὶ
1002 1997 1142 2089 ἑσπέρα·
1163 1992 1234 2064 dno*
1255 1995 1318 2064 τοῦ
1340 2001 1405 2065 tto
1427 2003 1537 2065 ποιεῖν
1558 1995 1669 2092 περσῖν
1692 1990 1736 2065 τό
1760 1993 1829 2077 tcta
1852 1991 1943 2064 α’να-

192 2110 406 2198 ιιασοόμενα,
451 2107 645 2204 ἧὸιιέρας
667 2105 726 2201 τῆς
748 2109 792 2172 ἕω
815 2107 940 2199 φέρων.
991 2103 1136 2199 Σαιιφιό·
1172 2102 1337 2198 Ἕσιιερε,
1384 2101 1497 2174 πάντα
1520 2107 1652 2202 φέρων,
1697 2102 1764 2174 ὅσα
1786 2099 1946 2199 φαινόλις

191 2218 341 2291 ἐσκελλαέ
363 2219 468 2296 αόως·
500 2213 541 2287 τό
564 2211 633 2309 γαρ
655 2217 817 2284 ἐναντίον
838 2218 900 2291 ἕως
923 2221 1089 2299 καλεῖται,
1112 2210 1209 2310 παρα
1229 2208 1271 2284 τό
1291 2214 1356 2284 ε’ᾰν
1378 2211 1492 2284 ιιόντα
1515 2217 1575 2284 καὶ
1595 2211 1770 2284 ἀπολύειν.
1816 2211 1943 2302 Quibus

193 2329 309 2397 similia
333 2329 372 2396 de
395 2327 516 2418 origiue
540 2322 686 2392 vocabuli
711 2323 834 2418 ε’σιιέρα
858 2321 1027 2404 disserens,
1051 2320 1232 2393 Scholiasta
1255 2323 1610 2417 Eurip.Orest.1252.
1634 2323 1769 2392 eumdem
1792 2321 1944 2416 Sappho·

191 2439 240 2506 nis
270 2463 396 2506 versum
427 2434 574 2530 apponit:
608 2433 665 2500 sed
696 2448 768 2500 ante
790 2430 983 2499 Bamesium
1004 2431 1049 2498 ibi
1071 2431 1268 2500 scribebatur
1289 2430 1467 2529 φαινόλης
1515 2430 1704 2526 Corruptius
1728 2431 1835 2526 Etym.
1853 2431 1941 2502 Gud.

190 2576 223 2642 p.
240 2561 313 2632 212,
329 2563 383 2624 aa.
417 2548 489 2617 Καὶ
512 2539 658 2640 Σαπφώ·
674 2538 855 2636 ‘’'anep’
836 2569 870 2622 ες
891 2537 1004 2610 πάντα
1027 2544 1143 2637 φερων
1164 2540 1250 2612 ὅσσα
1271 2547 1434 2638 φαένολες
1456 2541 1605 2613 ε’σνελλαέ
1626 2539 1735 2632 ἆβως.
1767 2541 1809 2609 Ρ.
1822 2553 1941 2626 25t,5.

178 2656 278 2726 ’Ὀσα
299 2653 467 2780 φαινόλιρς
488 2655 667 2724 tanatem
688 2653 884 2746 ἄνθρωπος.
929 2648 971 2716 Ρ.
987 2649 1061 2733 446,
1076 2667 1106 2716 3.
1135 2649 1278 2748 Σαιφω·
1302 2654 1448 2746 Φέσιιερε
1470 2649 1585 2721 πάντα
1607 2655 1701 2748 φέρω
1724 2651 1789 2726 ὅσα
1812 2649 1938 2750 φαινό-

189 2794 274 2860 τερα
301 2761 450 2834 εὀκέόασ
479 2760 554 2855 ἠιός.
600 2760 732 2830 Wolfio
762 2760 909 2854 placebat
937 2759 1115 2856 φαινόιιιςι
1148 2760 1180 2828 iu
1211 2759 1327 2854 hymno
1355 2760 1566 2828 Homerico
1557 2787 1590 2828 ιιι
1622 2761 1696 2830 Cer.
1713 2773 1766 2828 51.
1795 2761 1941 2829 scribitur

192 2877 348 2970 φαινολὶς
370 2869 441 2964 ejecit
463 2899 500 2940 ex
523 2871 700 2943 coniectura
714 2868 906 2951 Ruhnkeuii,
930 2869 963 2938 in
986 2869 1092 2938 codice
1117 2869 1200 2936 enim
1224 2885 1272 2938 est
1294 2869 1455 2967 φαινόλη.
1493 2869 1576 2940 Curu
1598 2887 1728 2938 accentu
1749 2870 1939 2939 masculino·

190 3009 260 3050 rum
286 2982 320 3049 in
347 2980 429 3077 o'lqc
460 2983 637 3049 exeuntium
665 2979 768 3075 aptius
798 2979 942 3071 congruit
969 2977 1138 3076 φαινόλις.
1183 2978 1274 3047 Haec
1302 2994 1405 3046 autem
1434 2979 1575 3048 laudatio
1598 2979 1761 3048 rmiversa:
1803 2980 1938 3070 Vesper,

190 3093 250 3184 φιιί
269 3092 383 3159 οιιιιιιίι
407 3090 525 3184 offam,
549 3113 638 3181 qrtoc
662 3089 777 3155 lucida
800 3089 982 3177 dissipauit
1004 3113 1139 3170 ιιιιιονα,
1162 3089 1210 3156 'ita
1233 3089 1357 3156 videtur
1380 3089 1511 3181 singulis
1534 3089 1628 3156 rebus
1652 3089 1839 3157 enumeratis
1863 3114 1937 3158 eon·

190 3202 314 3269 firmata
337 3226 417 3284 esse,
451 3199 541 3267 utin
565 3198 688 3292 gaudiis
713 3196 840 3280 amoris,
869 3212 1031 3288 tamquam
1053 3197 1086 3264 iu
1108 3223 1142 3264 re
1165 3198 1403 3292 exoptatissima
1426 3200 1576 3282 omnium,
1607 3223 1685 3292 quas
1709 3199 1860 3266 mortales
1883 3225 1935 3268 ve·

83 3365 87 3374 .
191 3335 284 3406 spero
316 3326 462 3403 acceptas
490 3308 654 3391 referrent,
689 3307 811 3400 poetria
834 3305 1054 3398 acquiesceret.
1100 3305 1167 3374 Per
1193 3305 1391 3400 anaphoram
1418 3308 1638 3404 φέρειςιΙΙιιό
1665 3308 1833 3403 repetitum
1855 3324 1937 3377 erat:

188 3421 304 3512 Asscrs
331 3419 453 3499 σιίιιιιιι,
486 3417 593 3509 osseis
619 3440 769 3507 caprum,
794 3415 900 3508 assem
924 3409 1163 3508 raalrt'filium‚
1193 3443 1251 3485 nec
1274 3432 1379 3486 tamen
1402 3418 1528 3485 concisa
1550 3418 1611 3485 ista
1635 3417 1797 3502 brevitate,
1826 3418 1883 3486 sed
1905 3434 1939 3486 ιιι

190 3529 313 3619 singula
335 3527 478 3622 pluribus
506 3541 742 3608 exornarentur,
778 3525 1043 3616 quemadmodum
1066 3526 1099 3594 in
1123 3525 1243 3595 Catulli
1271 3549 1367 3594 earm.
1383 3527 1437 3594 62.
1462 3528 1634 3595 sententiae
1664 3551 1729 3594 vss.
1745 3525 1798 3595 30.
1816 3528 1868 3596 96.
1883 3543 1937 3596 32.

188 3636 325 3708 breviter
346 3637 529 3730 propositae
553 3634 794 3728 amplificantur.
857 3633 1063 3730 Quapropter
1094 3661 1224 3731 operam
1252 3636 1433 3730 perdiderit,
1469 3637 1521 3730 qui
1551 3637 1622 3720 ista,
1650 3639 1764 3734 φέρεις
1786 3636 1884 3708 οἶνον
1906 3655 1938 3707 et

187 3743 329 3837 reliqua,
356 3763 474 3818 certum
497 3746 539 3820 ad
561 3761 695 3816 metrum
717 3760 846 3816 conetur
867 3744 1019 3837 redigere.
1063 3745 1134 3812 lam
1157 3761 1292 3814 nonest
1315 3745 1348 3814 iu
1371 3746 1584 3815 rininomine
1608 3745 1818 3820 haerendum
1856 3772 1932 3815 cou-

188 3853 270 3922 vivia
294 3879 424 3946 vespere
448 3855 607 3924 celebrata
630 3879 694 3928 non
716 3876 789 3921 raro
811 3853 854 3920 ad
877 3876 1023 3921 auroram
1045 3854 1261 3938 trahebantur,
1283 3855 1367 3923 unde
1385 3853 1463 3924 baec
1485 3879 1609 3948 quoque
1632 3855 1751 3924 laetitia
1767 3880 1785 3924 a
1801 3881 1933 3951 vespere

190 3961 310 4046 offerri,
335 3963 375 4032 ab
399 3987 513 4032 aurora
537 3963 621 4034 demi
644 3963 765 4032 dicitur.
810 3963 878 4034 Sed
903 3962 1048 4034 Caselius
1072 3964 1194 4057 profert
1215 3962 1281 4049 ὄϊν,
1305 3980 1448 4032 notatum
1471 3965 1556 4058 apud
1578 3964 1716 4034 Paulum
1740 3965 1932 4053 lllanutium,

187 4074 334 4164 idemque
364 4072 552 4162 excogitavit
579 4073 698 4142 Fabius
722 4071 980 4156 Benevoleutius,
1012 4071 1167 4142 referente
1190 4071 1332 4142 Ursino:
1366 4073 1504 4166 probant
1526 4074 1569 4142 Is.
1585 4073 1726 4142 Vossius
1749 4075 1791 4142 ad
1815 4073 1934 4144 Catull.

187 4210 219 4278 p.
236 4193 307 4264 153,
333 4178 555 4265 Schneiderus,
578 4181 753 4274 Volgerus,
775 4180 996 4265 Blomfieldus,
1020 4199 1152 4275 propter
1176 4181 1371 4252 vicinitatem·
1387 4207 1515 4276 caprae3
1539 4184 1652 4254 veteris
1669 4200 1775 4252 tamen
1790 4184 1933 4256 lectionis

188 4289 398 4388 patrocinium
422 4306 604 4384 susceperat
625 4291 776 4363 Barthius
792 4291 928 4360 Advers.
943 4317 975 4383 p.
989 4296 1063 4360 232.
1109 4289 1175 4358 Vol
1198 4290 1282 4360 idem
1305 4293 1640 4390 caunenSapphonis,
1664 4293 1712 4362 rel
1737 4294 1824 4363 aliud
1847 4297 1931 4365 sirni-

187 4401 227 4469 lis
247 4399 423 4493 arguuteuti
441 4399 669 4467 obversabatur
680 4400 834 4486 Himerio,
848 4401 976 4494 quaudo
990 4401 1085 4470 Orat.
1105 4416 1154 4484 13,
1171 4416 1201 4483 9.
1218 4399 1376 4470 Basilium
1392 4401 1507 4472 talibus
1526 4402 1630 4470 terbis
1647 4403 1777 4472 salutat:
1795 4401 1932 4502 Ἀοιήρ,

187 4509 293 4596 οἶμαι,
324 4506 365 4580 ου’
388 4537 438 4588 τις
460 4509 618 4602 έσιιέριος,
641 4505 793 4603 ἀστέρων
816 4509 956 4582 πόντων
977 4511 997 4582 ὁ
1019 4509 1217 4590 κάλλιστος·
1264 4512 1429 4608 Σαπφοῦς
1451 4515 1552 4583 rorico
1580 4511 1621 4608 δὴ
1643 4510 1684 4583 τό
1707 4516 1765 4594 [ές]
1789 4519 1933 4611 ἕσπερον

185 4613 293 4708 ᾆσμα.
338 4619 382 4692 Ει
407 4619 502 4688 Orat.
520 4633 550 4700 3,
570 4633 618 4696 ts.
643 4617 765 4690 scribit:
801 4618 956 4718 ’Eqdvpc
978 4627 1100 4696 τοίνυν
1123 4617 1224 4700 οὗτος
1245 4625 1385 4704 ἐκεῖνος,
1421 4619 1575 4716 α’σιέρων
1604 4621 1743 4694 πόντων
1765 4624 1785 4694 ὁ
1806 4623 1932 4702 κάλλι-

188 4749 280 4805 στος·
307 4728 344 4796 σέ
367 4724 433 4828 γοὲρ
455 4725 645 4826 Ἀθηναῖοι
668 4727 835 4801 καλοῦσιν
848 4729 1030 4825 Ἕσπερον.
1073 4730 1141 4799 Ubi
1163 4755 1354 4825 quamquam
1376 4756 1493 4802 nomeu
1515 4731 1655 4826 poetriae
1678 4733 1796 4818 reticet,
1825 4750 1932 4804 tamen
