4274 5290
1055 250 1114 344 65

204 455 372 558 uoipdeoo'
400 456 567 528 scribatur.
612 457 679 528 Sed
708 456 814 553 ipsum
835 456 967 527 verbrmr
994 463 1258 554 παρατίθεσθαι
1279 458 1393 528 eadem
1420 459 1460 527 de
1482 481 1596 528 caussa
1620 458 1825 532 reiieiendrnu
1846 488 1954 534 cense-

203 593 285 654 mus,
310 593 373 664 qua
396 565 486 640 ἄντα
508 567 699 661 particulam
721 567 897 660 expulimus
920 593 958 636 ex
973 567 1087 661 fragm.
1103 565 1231 638 XXVI.
1256 568 1405 638 Coronae
1420 569 1518 637 comis
1537 573 1705 652 τίθενται,
1728 573 1955 661 ἐπιτίθενται,

202 677 463 776 α’μφιτίθενται,
484 681 737 772 περιτίθενταιτ
759 683 1007 774 παρατεθεῖσαι
1029 678 1162 770 cogitari
1183 701 1249 746 non
1270 693 1415 770 possunt,
1437 703 1496 746 nec
1511 677 1604 748 facile
1625 681 1696 773 quis
1712 679 1846 767 evincat,
1868 682 1954 752 Aeo·

204 788 253 858 lcs
275 783 346 884 πσέρ
368 811 427 882 pro
450 789 528 882 περὶ
556 785 739 880 protulisse.
783 785 951 854 Bentleius
983 786 1110 880 quidem
1139 787 1181 855 ad
1203 786 1318 854 Horat.
1335 785 1444 855 Carnu.
1460 786 1486 871 l,
1501 802 1533 872 7,
1547 802 1581 869 7.
1603 787 1743 857 abstinet
1765 791 1969 886 suspicione,
2067 841 2076 854 .

205 899 282 968 dum
303 911 449 965 nostrrun
469 895 576 964 locum
597 893 692 963 simul
714 922 789 964 curn.
807 895 952 964 versibus
976 897 1117 966 Senecae
1140 895 1233 963 Med.
1248 908 1304 980 70.
1347 895 1576 988 Praecingens
1598 921 1695 964 roseo
1717 908 1870 989 temporo
1887 902 1955 970 νίπ-

205 1001 309 1091 culo,
334 1022 367 1075 et
387 1004 513 1073 Valerii
534 1003 643 1073 Flacci
658 1003 714 1088 111,
738 1005 812 1081 aab.
849 1004 1005 1082 Glauces
1037 1007 1142 1072 comis
1162 1015 1368 1095 praetexere
1382 1004 1537 1097 frondes,
1572 1006 1723 1075 locutioni
1745 1008 1955 1097 Horatianae,

199 1116 313 1208 [ronti
332 1136 544 1205 praeponere
575 1114 711 1196 olivam,
745 1113 881 1182 tuendae
909 1112 1048 1183 adhibet.
1097 1113 1143 1182 Et
1172 1113 1259 1208 apud
1290 1113 1461 1183 Horatium
1488 1139 1564 1182 sane
1592 1140 1663 1184 eam
1685 1117 1956 1210 praepositionem

203 1224 318 1296 frontis
341 1247 457 1292 nomen
480 1221 635 1303 delendit3
658 1223 751 1316 -apud
772 1221 941 1292 Valerium
958 1232 1164 1312 praeterera
1187 1224 1293 1291 comis
1316 1238 1374 1307 cst,
1398 1247 1488 1292 oram
1510 1247 1618 1292 earum
1640 1249 1807 1308 exomare3
1834 1227 1868 1294 iu
1892 1227 1955 1298 Se-

204 1359 302 1406 necae
323 1357 428 1418 versu,
459 1331 511 1400 vel
535 1331 648 1402 Ovidii
671 1331 805 1404 Heroid.
821 1348 852 1416 t,
867 1347 922 1416 71.
953 1331 1155 1400 Praecineta‘
1167 1331 1260 1424 flore
1282 1332 1409 1421 capilli,
1441 1333 1594 1428 simplicis
1621 1333 1711 1403 verbi
1737 1336 1826 1424 notio
1855 1362 1954 1430 prae-

205 1444 301 1528 valet,
324 1443 490 1514 coniuncta
512 1468 584 1510 cum
605 1465 680 1510 orae
702 1457 863 1510 extremae
887 1441 1128 1534 significatione.
1175 1437 1309 1510 Nullum
1331 1439 1445 1510 horum
1466 1459 1578 1510 nostro
1601 1445 1806 1540 παρθέσθαι
1830 1445 1956 1516 hunum

205 1553 282 1622 satis
305 1551 498 1646 praesidium
520 1549 625 1618 affert.
669 1549 844 1640 Praeterea
870 1549 962 1633 nihili
993 1566 1042 1618 est
1063 1549 1180 1637 ὤδικα,
1213 1574 1315 1643 neque
1339 1550 1513 1646 quidquam
1534 1551 1706 1646 proficitur,
1735 1553 1763 1621 si
1787 1580 1858 1622 cum
1874 1556 1954 1624 'Ste-

205 1662 314 1762 phano
342 1676 374 1730 et
396 1659 519 1728 Ursino
548 1653 881 1750 praescribendum
907 1659 1082 1752 opinemur.
1128 1655 1244 1752 Neque
1272 1659 1356 1728 euim
1377 1677 1484 1753 potest
1505 1686 1565 1756 pro
1588 1662 1746 1732 adieetivo
1768 1661 1891 1747 haberi,
1919 1679 1955 1732 ut

204 1770 433 1869 provocative
456 1767 578 1863 accepit
599 1768 756 1861 interpres
779 1764 936 1851 Gallicus,
976 1767 1067 1859 quasi
1087 1766 1323 1860 praedicandae
1346 1768 1403 1836 tali
1426 1770 1640 1863 appellatione
1664 1770 1799 1840 canendi
1822 1773 1956 1867 peritiae

87 1873 96 1889 ’
204 1882 329 1976 reliqua
349 1878 450 1948 ullam
473 1876 674 1972 occasionem
696 1875 885 1970 praebeant;
925 1901 1027 1969 neque
1050 1891 1214 1968 tamqnam
1235 1873 1424 1944 adverbium
1448 1879 1553 1972 aptius
1577 1881 1620 1948 ad
1641 1897 1769 1950 cantum
1792 1881 1955 1974 referetur,

204 2003 308 2085 neque
338 2012 416 2056 vero
431 2017 433 2020 ·
446 1987 489 2057 ad
520 1984 758 2054 similitudinem
786 1983 933 2054 vocabuli
958 1981 1122 2073 μοοσσιές
1144 1984 1185 2052 ad
1208 1983 1451 2052 concinnitatem
1479 2004 1609 2056 ornatus
1633 1988 1757 2057 trahere
1779 1989 1863 2059 licet.
1909 1993 1979 2063 Et·

205 2101 335 2170 dubium
357 2113 415 2182 est,
444 2121 520 2164 num
542 2119 684 2188 unquam
705 2093 823 2162 Aeolcs
847 2091 934 2184 ᾄδω,
963 2091 1059 2184 ᾠδός,
1091 2088 1163 2186 ᾦδή
1186 2092 1332 2160 dixerint.
1376 2092 1548 2188 Proprium
1570 2095 1696 2190 puellae
1718 2122 1835 2166 nomen
1857 2099 1956 2172 latere

204 2208 384 2301 intelligens
408 2205 619 2275 Casaubonus
643 2209 786 2300 Δοσρέκα
808 2202 905 2288 dedit,
939 2227 1035 2297 quam
1056 2201 1255 2270 meretricem
1277 2226 1297 2270 a
1320 2201 1469 2290 Charaxo
1498 2217 1638 2272 amatam
1659 2221 1725 2273 tam
1746 2206 1900 2278 benevole
1924 2227 1956 2280 et

206 2311 338 2392 comitdr
366 2342 386 2385 a
418 2313 594 2410 Sapphone
621 2313 764 2382 habitam
786 2336 868 2398 esse,
901 2311 1075 2382 secundum
1102 2309 1191 2379 locos
1214 2311 1374 2380 Herodoti
1403 2328 1434 2380 et
1456 2312 1612 2382 Athenaei
1640 2339 1737 2408 supra
1760 2334 1953 2388 memoratos

158 2506 162 2515 ,
205 2427 292 2502 credi
313 2424 431 2518 nequit.
472 2425 586 2518 Itaque
608 2421 753 2508 Fion'llo,
783 2422 944 2493 Observv.
966 2422 1000 2490 in
1023 2419 1139 2489 Athen.
1155 2447 1187 2515 p.
1202 2420 1256 2498 64.
1279 2415 1308 2491 ei
1329 2426 1460 2516 Aspare:
1490 2427 1605 2520 Δίρκα
1627 2423 1789 2516 Volgerus
1819 2450 1955 2520 quoqne.

204 2532 411 2610 Probabilius
442 2558 559 2602 nomen
588 2531 665 2601 alibi
688 2532 771 2600 inter
801 2530 986 2627 Sapphonis
1021 2530 1139 2600 amicas
1178 2545 1338 2625 repertum
1365 2530 1449 2602 hunc
1473 2531 1507 2599 in
1539 2531 1643 2600 locum
1669 2534 1884 2621 revocabitur,
1918 2553 1954 2606 ut

207 2649 406 2720 Msaordlue
431 2669 448 2712 e
469 2642 584 2736 fragm.
599 2641 706 2710 XLII.
749 2641 850 2736 Quod
882 2640 911 2710 si
941 2639 1124 2736 praeposita
1152 2639 1288 2734 vocandi
1319 2639 1433 2708 vocrda
1460 2640 1495 2709 in
1515 2638 1627 2724 eidem
1656 2642 1851 2712 decurtamm
1874 2663 1952 2732 erat,

204 2758 409 2827 mirrunnon
430 2767 490 2838 est,
522 2753 551 2821 si
574 2751 644 2846 quis
666 2751 760 2820 metri
780 2775 902 2837 caussa,
931 2750 1017 2822 cuim
1043 2748 1126 2818 ratio
1145 2773 1219 2824 ‚non
1241 2748 1286 2816 ita
1307 2748 1451 2817 obscura
1475 2766 1533 2834 est,
1566 2751 1712 2844 proximo
1734 2752 1831 2824 verbo
1852 2754 1952 2825 mole-

207 2883 290 2936 stam
312 2863 583 2961 praepositionem
603 2859 755 2930 alleven't.
804 2860 956 2930 Getemm
980 2859 1121 2928 Ursinus
1146 2857 1256 2927 scribit
1280 2855 1447 2954 παρθέθ,
1475 2859 1551 2927 item
1572 2856 1702 2929 Natalis
1726 2862 1844 2932 Comes
1865 2895 1956 2962 παρ-

205 2982 346 3074 θεθερα
366 2981 444 3052 ταῖς
466 2967 618 3071 φόβαιοι.
657 2969 785 3040 Deinde
810 2965 950 3055 Natalis,
976 2966 1169 3061 Stephanus,
1191 2967 1329 3036 Ursinus
1352 2965 1509 3066 ὅρπακας
1533 2968 1646 3065 spiritu
1665 2968 1739 3039 leni.
1781 2971 1863 3041 Mox
1884 2971 1954 3044 Na·

205 3085 280 3156 talis
300 3101 332 3154 et
354 3083 464 3167 codd,
490 3083 524 3148 in
548 3079 661 3174 quihus
684 3078 976 3171 Schweighaeuseri
991 3077 1051 3162 A.,
1077 3073 1311 3171 ἁπαλλαγίσηι
1343 3077 1554 3148 Casaubonus
1575 3104 1640 3148 nou
1661 3080 1757 3148 duhia
1777 3083 1957 3154 coniectura

206 3197 379 3268 ἁπαλαῖσι.
423 3192 492 3260 Ρτο
524 3191 707 3284 mappale
733 3184 862 3257 Natalis
886 3192 1111 3286 οσναέῤῥαϊς,
1147 3187 1359 3256 Casaubonus
1385 3185 1552 3283 θρέψαιο,
1578 3187 1896 3282 Schweighaeuserus
1923 3210 1956 3262 et

205 3305 368 3398 Volgerus
393 3297 597 3398 σονέῤῥαιέ,
621 3300 655 3368 id
677 3315 727 3368 est
747 3303 941 3394 ovree'peoe.
986 3293 1073 3366 Nam
1089 3295 1206 3365 Aeolcs
1229 3321 1295 3364 non
1317 3312 1439 3364 tanturn
1461 3297 1495 3364 in
1518 3298 1738 3390 praesentibus
1762 3299 1955 3394 duplicatam

205 3415 361 3512 liquidam
379 3411 563 3506 praeferunt
585 3407 794 3505 diphthongo,
815 3408 873 3476 sed
894 3405 1029 3476 aoristos
1060 3431 1184 3500 quoque
1206 3407 1381 3496 ἐγέννατο,
1416 3407 1587 3495 ἐνεμματο
1621 3408 1779 3476 exstitisse
1804 3425 1979 3480 testantur.

207 3523 344 3618 Gregor.
365 3521 443 3590 Cor.
466 3519 559 3590 Aeol.
577 3535 627 3604 11,
651 3518 796 3588 Gramm.
812 3516 950 3584 Meerm.
965 3514 1058 3584 Aeol.
1074 3528 1105 3599 9,
1128 3515 1198 3583 cod.
1213 3513 1321 3582 Vatic.
1343 3513 1376 3583 in
1399 3516 1538 3614 append.
1559 3515 1659 3609 Greg.
1682 3515 1809 3584 Schacf.
1830 3546 1862 3612 p.
1879 3521 1955 3603 690.

166 3631 172 3640 ’
205 3633 348 3704 Phavor.
363 3631 434 3702 Ed.
450 3656 481 3725 p.
498 3641 570 3705 tho.
586 3626 689 3696 Dind.
712 3625 814 3720 ¹'l'ale
829 3641 879 3695 cst
894 3624 1108 3698 οἷπέστελλαν
1129 3625 1163 3693 in
1188 3648 1345 3692 marmore
1370 3623 1595 3719 Lampsaceno
1625 3625 1711 3720 apud
1734 3625 1892 3697 Kocnium
1914 3632 1957 3700 ad

207 3741 486 3836 Gregor.p.61tt.
531 3737 677 3806 Indidem
702 3735 855 3805 remansit
886 3734 972 3828 apud
993 3734 1169 3802 Homerum
1193 3731 1389 3831 ὀφέλλειεν,
1418 3730 1511 3802 Iliad.
1528 3763 1560 3804 π.
1579 3735 1654 3801 651.
1688 3735 1810 3829 Odyss.
1824 3744 1863 3830 β.
1881 3755 1956 3818 aaa.
2040 3818 2044 3824 ¹

206 3856 257 3926 Ut
275 3869 379 3922 autem
398 3865 532 3918 metuam
553 3846 798 3916 choriambicum
817 3845 1056 3936 redintegretur,
1078 3843 1128 3910 vel
1143 3841 1283 3940 σῖνὴτοιο
1306 3843 1509 3913 scribendum
1531 3859 1589 3927 est,
1611 3845 1831 3916 terminatione
1848 3849 1957 3918 Thes·

198 3963 286 4033 salis
303 3978 334 4031 et
347 3960 492 4044 Boeotis,
516 3941 657 4026 Aeolicis
682 3955 839 4048 gentihus,
866 3977 886 4022 a
908 3952 1133 4022 Grammaticis
1154 3953 1281 4036 tributa,
1306 3950 1356 4024 vel
1382 3952 1532 4044 quoniam
1556 3975 1595 4019 ea
1615 3952 1649 4022 in
1670 3952 1809 4024 Lesbiae
1832 3957 1959 4047 dialecti

207 4073 347 4168 reliquiis
376 4093 535 4163 nusquam
558 4066 723 4160 reperitur,
753 4062 871 4158 ἀνήτω
897 4058 1121 4159 οννεέρῤαισζ
1152 4086 1231 4156 quae
1257 4061 1345 4129 verbi
1365 4061 1470 4128 forma
1490 4059 1602 4130 similis
1623 4063 1682 4131 erit
1703 4063 1751 4148 iis,
1784 4064 1957 4161 dequibus

207 4185 419 4254 Buttmannus
442 4175 568 4246 disserit
590 4201 636 4268 gr.
651 4173 739 4268 plen.
756 4187 785 4256 §.
802 4187 874 4254 1¹12.
891 4199 965 4242 ann.
981 4187 1034 4257 23.
1066 4169 1222 4240 Nostrum
1245 4173 1409 4266 ἐέῤῥατσα
1435 4169 1579 4239 nonnihil
1604 4170 1758 4241 delendas
1775 4173 1957 4246 Homericis

208 4297 317 4391 ἔερτο,
341 4290 519 4385 ἐερμένονε
557 4301 640 4354 certe
661 4283 754 4366 simul
775 4309 845 4352 curn
866 4285 1006 4364 ἐείσατο,
1028 4285 1191 4372 ἐέλμεθα,
1219 4281 1388 4369 ἐελμένος,
1416 4282 1564 4367 ἐέλπετο,
1591 4283 1746 4377 ἐέρχατο,
1767 4286 1956 4379 ἐερμμένος,
1992 4341 1994 4352 .
2073 4311 2080 4327 ·

209 4402 243 4474 in
268 4401 382 4498 quibus
403 4414 422 4471 z
442 4419 500 4493 pro
521 4409 690 4488 augmento
713 4392 823 4462 haberi
836 4393 952 4485 possit,
976 4390 1175 4458 inveniuntur
1196 4387 1397 4477 ἐειδόμενος,
1421 4387 1624 4482 ἐεισάμενος,
1648 4393 1770 4478 ἐέλσαι,
1794 4396 1958 4477 ἐέλπεται,

209 4515 325 4610 ἐέργει.
368 4509 407 4577 In
425 4505 579 4604 proximis
604 4499 760 4574 εὐάνθεα
783 4501 935 4590 intactum
962 4498 1179 4592 relinquimus,
1210 4498 1271 4566 etsi
1292 4498 1333 4566 ad
1357 4523 1503 4568 normam
1524 4501 1651 4569 Atticae
1673 4500 1797 4568 dialecti
1821 4503 1956 4594 penulti-

209 4645 296 4692 mam
324 4633 438 4690 acuunt
471 4612 654 4709 Stephanus
685 4627 717 4680 et
746 4607 897 4680 Ursinus.
937 4608 1005 4676 Pro
1031 4606 1135 4704 χάρις
1160 4635 1197 4678 τε
1225 4606 1517 4700 Schweighaeuseri
1544 4611 1615 4679 cod.
1635 4611 1676 4676 A.
1682 4661 1692 4696 ,
1724 4605 1863 4697 Natalis,
1884 4612 1957 4684 See.

209 4730 351 4828 phanus,
379 4727 517 4798 Ursinus
540 4721 694 4828 χάριτες,
724 4719 810 4818 qnod
831 4718 987 4816 arripiens
1007 4715 1217 4796 Blomlieldus
1245 4717 1341 4787 etiam
1363 4716 1537 4816 priempere
1561 4717 1711 4812 reposuit.
1757 4715 1875 4791 Verius
1899 4722 1956 4792 dn·

1506 4823 1515 4836 ”
1564 4827 1637 4920 [ο]
