4242 5300
1018 215 1049 304 2

94 509 103 518 ,
161 435 311 529 εὐγενεῖς
340 436 512 532 εὐπρεπεῖς
541 433 724 526 οἰνοχοεῖν.
770 435 951 506 Charauum
981 436 1165 505 Herodotus
1191 437 1237 523 H,
1259 446 1330 506 135.
1376 437 1493 508 Strabo
1515 423 1634 522 XVII,
1654 465 1687 533 p.
1701 443 1776 504 808.
1814 435 1913 504 Athe·

162 572 260 616 naeus
282 546 370 614 XIII.
390 575 423 642 p.
436 546 511 628 596.
531 546 562 614 b.
587 546 727 613 scribunt
755 542 942 614 Naucratim
976 547 1019 614 ad
1051 562 1261 614 mercaturam
1290 545 1468 640 profectum
1500 571 1587 630 esse,
1626 546 1732 614 virrmn
1761 542 1916 612 Lesbium

164 671 402 752 apportantem,
429 670 464 722 nt
485 654 602 724 Strabo
626 654 746 738 adiicit,
773 654 879 748 ibique
895 655 1072 723 meretricis
1097 654 1275 748 cniusdam,
1303 655 1465 724 Dorichae
1488 655 1539 722 vol
1561 653 1779 749 Rhodopidis,
1808 676 1915 721 amore

164 781 301 860 captum,
330 761 447 858 magno
469 763 571 858 pretio
594 763 729 832 camah
756 761 834 832 hero
861 763 1045 832 redemisse.
1091 762 1178 832 Hinc
1205 787 1263 831 sna
1290 763 1425 858 sumpsit
1448 763 1549 834 Ovid.
1563 762 1698 832 Heroid.
1713 771 1763 848 15,
1775 761 1829 830 63.
1844 777 1915 844 117.

82 913 86 917 -
162 873 226 942 Illa
252 873 377 959 mulier,
407 889 441 940 nt
467 872 572 968 pergit
600 872 800 958 Herodotus,
832 895 912 966 qnae
941 897 979 941 ex
1007 871 1152 941 Thracia
1178 871 1326 957 oriunda,
1358 873 1435 941 olim
1463 870 1555 941 simul
1583 899 1654 941 cum
1684 873 1814 967 Aesopo
1841 870 1943 938 tad··

165 983 253 1054 moni
276 983 385 1053 Samio
409 981 573 1066 servierat,
600 981 779 1074 insequenti
801 997 944 1077 tempore
972 981 1098 1074 maguis
1126 981 1159 1050 in
1181 981 1328 1076 Aegypto
1358 981 1472 1077 opibus
1503 981 1711 1066 coacervatis,
1739 979 1916 1048 monimen-

165 1109 231 1160 tum
250 1093 299 1160 sni
317 1090 455 1185 Delphis
478 1115 573 1158 verna
594 1089 694 1158 multa
715 1089 829 1174 ferrea,
852 1090 964 1184 quibus
988 1090 1086 1159 boves
1109 1090 1286 1184 figerentur,
1309 1089 1515 1159 consecravit.
1551 1091 1618 1161 Sed
1640 1091 1736 1159 Iidem
1758 1088 1919 1157 abiudicat

166 1202 284 1270 rumori
307 1201 517 1285 Graecorum,
546 1198 758 1295 pyramidem,
787 1223 867 1293 quae
896 1225 1007 1270 revera
1029 1198 1188 1294 Mycerini
1214 1199 1299 1292 regis
1325 1199 1382 1284 sit,
1413 1199 1455 1267 ab
1477 1198 1536 1267 illa
1557 1215 1748 1268 emunctam
1768 1195 1918 1267 fabulan-

165 1311 258 1395 tium,
289 1334 385 1404 quum
410 1335 512 1403 neque
541 1333 619 1404 opes
648 1307 715 1377 eius
742 1324 829 1376 tanto
858 1309 948 1403 operi
977 1307 1166 1378 sullectrnae
1192 1307 1323 1394 fuerint,
1350 1333 1452 1402 neque
1479 1308 1606 1402 regibus
1633 1307 1689 1393 iis,
1718 1307 1776 1376 sub
1805 1305 1919 1399 quihus

166 1419 348 1515 pyramides
372 1419 555 1488 aedificatae
579 1417 651 1502 sint,
675 1415 816 1510 aequalis
838 1415 941 1503 fuerit,
965 1418 1023 1486 sed
1042 1416 1126 1486 circa
1145 1416 1307 1486 Amasidis
1327 1432 1482 1512 tempora,
1496 1415 1596 1488 κατοῖ
1613 1413 1775 1507 ”Aprum
1797 1414 1919 1484 vixerit.

165 1530 229 1598 Est
250 1537 355 1598 antem
377 1526 647 1611 verisimillimum,
669 1522 872 1618 ὀβελίσκους
895 1527 935 1596 ab
959 1526 1054 1596 divite
1076 1526 1235 1621 Aegyptia
1257 1524 1395 1620 Delphis
1419 1542 1561 1595 sacratos
1584 1526 1799 1596 narrationem
1820 1547 1919 1620 pepe·

167 1639 247 1708 risse
269 1640 308 1707 de
330 1635 477 1706 obeliscis
497 1635 692 1730 inAegypto
712 1652 744 1704 et
761 1636 926 1730 pyramide
947 1635 1082 1706 statutis.
1110 1632 1325 1705 Nihilosecius
1347 1635 1509 1730 antiquam
1527 1633 1670 1705 fabulam
1690 1633 1921 1731 amplectuntur

167 1747 286 1819 Strabo
309 1743 438 1839 aliique,
467 1761 499 1814 et
519 1746 566 1814 ita
587 1743 796 1840 amplificant,
819 1762 854 1815 nt
875 1745 1027 1839 singulari
1048 1769 1124 1813 casu
1145 1743 1178 1813 in
1201 1743 1346 1814 notitiam
1367 1745 1452 1839 regis
1474 1743 1564 1814 illam
1586 1745 1727 1830 venisse,
1755 1743 1796 1812 ab
1819 1765 1920 1836 eoque

167 1856 201 1926 in
227 1853 429 1924 matrimonio
452 1853 594 1924 habitam
616 1879 687 1924 esse
709 1871 847 1924 narrent.
884 1854 1150 1925 Psammitichnm
1171 1879 1280 1947 regem
1303 1854 1378 1924 dicit
1398 1854 1550 1924 Aelianus
1565 1853 1611 1923 V.
1629 1853 1774 1939 H.XIlI,
1793 1868 1846 1920 33.
1882 1852 1921 1920 In

168 1957 403 2034 matrimonium
425 1962 519 2032 illam'
535 1963 717 2034 Charaxnm
740 1965 877 2049 duxisse,
900 1989 938 2032 ex
960 1987 1060 2059 eaque
1083 1963 1200 2032 liberos
1224 1963 1413 2057 suscepisse,
1438 1963 1534 2032 tradit
1555 1960 1672 2033 Suidas
1696 1991 1746 2032 vv.
1763 1971 1921 2041 Αἴσωπος

169 2091 202 2144 et
221 2071 382 2162 Ἰάδμων,
405 2071 438 2140 in
460 2073 606 2169 Aegypto
629 2075 765 2144 eandem
790 2073 949 2142 mansisse
978 2088 1110 2140 testatur
1131 2070 1328 2139 Herodotus.
1366 2071 1516 2141 Ceterum
1538 2071 1739 2141 Herodotum
1765 2073 1922 2168 vituperat

170 2183 367 2278 Athenaeus,
396 2184 482 2276 quod
509 2184 588 2252 duas
615 2182 763 2252 muheres
791 2181 874 2250 male
901 2179 1134 2276 permiscueritz
1161 2205 1232 2248 cum
1259 2177 1406 2248 Doricha
1433 2180 1518 2250 eninr
1541 2180 1689 2251 Charaxo
1717 2208 1785 2252 rem
1811 2181 1919 2266 fnisse,

170 2318 236 2364 non
258 2319 330 2362 cnm
351 2290 557 2386 Rhodopide.
594 2289 755 2362 Nimirum
775 2287 977 2390 Ῥοδοίπιδες
998 2287 1106 2384 plures
1130 2288 1196 2358 eius
1219 2287 1414 2358 condicionis
1437 2288 1639 2360 mulierculae
1663 2293 1703 2360 ab
1727 2292 1920 2361 amatoribus
1977 2349 1982 2354 .

170 2419 244 2474 sunt
266 2401 521 2495 cognominatae,
550 2426 652 2496 neque
675 2401 758 2469 siin
780 2399 844 2469 alia
869 2398 931 2469 hoc
960 2423 1079 2470 nomen
1103 2413 1263 2494 repertum
1291 2398 1345 2484 sit,
1376 2397 1525 2484 efficitur,
1550 2399 1730 2469 Doricham
1756 2425 1823 2472 non
1850 2425 1921 2470 esse

166 2513 336 2590 Ῥοδῶπιν
370 2510 497 2580 dictam.
543 2510 609 2580 Sed
643 2508 792 2606 Sappho,
828 2534 908 2604 quae
940 2531 1141 2604 nequaquam
1172 2534 1231 2604 per
1262 2507 1433 2578 blanditias
1467 2534 1538 2578 cum
1570 2533 1610 2578 ea
1636 2511 1766 2604 agebat,
1798 2509 1922 2604 vulgari

153 2623 297 2693 nominc
320 2625 485 2718 Δωρίχαν
512 2617 699 2716 appellavit,
726 2635 761 2688 ut
780 2636 907 2715 praeter
928 2617 1127 2688 Athenaeum
1150 2618 1266 2690 docent
1287 2619 1406 2688 Strabo
1428 2633 1460 2688 et
1482 2618 1598 2689 Suidas
1616 2625 1662 2688 'ac
1684 2618 1819 2716 Phqtius
1834 2618 1922 2689 Lex.

170 2761 201 2803 v.
215 2729 420 2810 Ῥοδώπιδος
445 2726 628 2826 ἀνάθημα.
670 2726 760 2798 Nam
785 2729 969 2798 redeuutem
1000 2727 1132 2797 fratrem
1161 2728 1299 2796 carmine
1330 2727 1444 2798 acriter
1471 2728 1664 2823 obiurgavit,
1698 2729 1861 2799 mulierem
1890 2745 1923 2796 ut

173 2865 305 2912 avaram
327 2857 359 2910 et
379 2836 612 2930 fraudulentam
633 2839 798 2925 insectata,
820 2837 952 2908 tesn'bus
974 2837 1143 2908 Herodoto
1165 2853 1198 2906 et
1218 2836 1395 2908 Athenaeo.
1441 2926 1443 2931 s

92 2954 96 2964 '
304 2949 420 3018 Filiam
441 2945 553 3016 habuit
575 2947 710 3034 Clidem,
734 2965 930 3043 conceptam,
953 2965 988 3016 ut
1010 2947 1128 3019 Suidas
1152 2947 1257 3032 tradit,
1280 2972 1318 3036 ex
1340 2947 1487 3042 coniugio
1510 2948 1666 3019 Cercolae
1687 2949 1811 3034 Andrii,
1835 2948 1923 3017 ditis·

172 3056 245 3132 simi
262 3058 410 3128 hominis
435 3055 631 3156 Ἐγαμήθη,
653 3057 763 3150 inquit,
787 3056 890 3152 α’νδρὶ
908 3054 1089 3153 Κιρκιίλςν,
1111 3053 1359 3147 πλουσιωτάτῳ,
1382 3058 1571 3153 ὁρμωμένῳ
1593 3057 1663 3130 aiud
1679 3057 1844 3154 Ἄνδρου,
1866 3061 1925 3134 καὶ

171 3173 352 3265 θυγατέρα
372 3164 549 3264 ἐποιήσατο
570 3167 605 3250 ἐξ
626 3165 745 3254 αὐτοῦ,
765 3167 906 3265 ἢΚλεὶς
925 3163 1126 3262 ὠνομάσθη.
1152 3165 1205 3234 Ι)ι
1221 3165 1287 3234 filia
1302 3166 1529 3236 dubitatiouem
1546 3166 1627 3236 tollit
1640 3167 1755 3260 fragm.
1767 3165 1924 3235 LXXVI.

174 3280 271 3376 quod,
295 3299 487 3373 quamquam
510 3277 550 3344 ab
573 3275 813 3371 Hephaestione
837 3275 904 3344 sine
926 3275 1054 3344 nomine
1077 3276 1213 3344 auctoris
1235 3273 1404 3370 prolatum,
1429 3276 1558 3346 aliunde
1580 3275 1746 3371 probabile
1767 3293 1818 3346 est
1840 3276 1925 3370 Sap·

173 3386 290 3484 phouis
313 3411 395 3470 esse,
417 3380 466 3452 cui
489 3384 660 3478 antiquitus
683 3386 833 3454 tributum
856 3385 973 3456 Suidae
996 3385 1094 3454 verba
1117 3384 1289 3454 declarant.
1324 3381 1403 3454 Non
1421 3386 1620 3454 nominatam
1638 3385 1808 3479 alloquitur
1827 3384 1926 3453 liliam

172 3498 288 3591 fragm.
304 3493 462 3566 XXVIII.
485 3491 642 3562 memorat
670 3494 769 3564 Ovid.
786 3495 920 3563 Heroid.
936 3506 986 3580 15,
998 3509 1053 3577 70.
1069 3508 1140 3562 120.
1175 3495 1289 3564 Mariti
1311 3519 1430 3564 nomen
1452 3512 1560 3592 potest
1582 3494 1756 3591 penultima
1780 3510 1927 3592 correpta

175 3607 218 3676 ad
240 3603 492 3675 terminationem
514 3602 549 3671 in·
569 3604 748 3672 nominibus
771 3604 909 3699 propriis
932 3629 998 3672 non
1017 3627 1124 3673 raram
1143 3603 1254 3698 redigi,
1279 3603 1386 3698 qualia
1404 3604 1584 3678 Lobeclrius
1605 3606 1646 3674 ad
1666 3604 1926 3702 Phryn.p.,613.

174 3713 312 3808 collegit.
352 3712 435 3802 Quis
453 3728 564 3785 autem
587 3713 696 3782 credat
718 3737 908 3810 quemquam
929 3713 963 3782 in
989 3713 1128 3784 Graecia
1150 3730 1215 3782 tam
1238 3714 1377 3783 obsceno
1398 3715 1525 3784 nomine
1548 3712 1667 3782 fuisse?
1702 3740 1778 3783 nam
1802 3719 1926 3810 Κερκι-

174 3825 239 3904 δᾶς
262 3823 389 3917 quidem
411 3827 543 3918 κερκίδι
565 3821 805 3917 cognominatus
829 3838 887 3892 est.
921 3823 1058 3893 luditum
1078 3839 1128 3892 est
1145 3821 1266 3892 homini
1286 3823 1484 3909 vocabulum,
1504 3848 1570 3892 non
1589 3824 1672 3894 serio
1692 3849 1712 3892 a
1732 3824 1926 3920 parentibus,

84 3953 88 3960 '
129 4017 132 4026 Ι
177 3934 235 4003 sed
256 3930 386 4002 ridicule
410 3955 430 3999 a
453 3931 592 4001 Comicis
617 3930 801 4026 Sapphonis
823 3933 994 4002 memoriae
1016 3933 1164 4017 infensis,
1196 3933 1282 4026 qnod
1308 3933 1430 4029 proprii
1456 3933 1594 4002 nonunis
1622 3935 1760 4030 speciem
1787 3933 1926 4018 referret,

177 4067 216 4112 ac
244 4040 443 4136 turpissimae
470 4041 516 4110 rei
546 4041 767 4134 cogitationem
794 4041 929 4112 auditori
956 4042 1108 4127 iniiceret,
1142 4041 1329 4138 praesertim
1357 4067 1453 4136 quum
1479 4044 1599 4139 pariter
1627 4045 1798 4126 formatum
1828 4058 1929 4112 exstet

176 4149 324 4247 urrdlpe,
356 4151 396 4219 ab
425 4149 586 4220 oblivione*
610 4168 766 4220 assertum
792 4151 871 4220 illud
899 4175 919 4218 a
946 4151 1189 4234 Grammaticis,
1218 4151 1272 4244 qui
1295 4168 1400 4222 tamen
1423 4153 1533 4222 vitiose
1556 4153 1589 4222 in
1610 4152 1702 4222 huius
1725 4177 1849 4248 qnoque
1871 4179 1928 4248 pe·

176 4260 310 4331 nultima
330 4275 358 4329 ῶ
377 4276 609 4355 propagarunt,
637 4257 764 4348 ὅλλομι
790 4261 922 4330 verbum
947 4261 1052 4330 inesse
1082 4260 1241 4345 arbitrati,
1269 4261 1370 4330 donec
1398 4287 1506 4330 veram
1533 4263 1689 4332 rationem
1718 4263 1840 4356 apendt
1860 4261 1927 4328 Lo·

165 4357 316 4441 bachius.
351 4365 423 4438 Nec
445 4367 563 4462 negligi
586 4369 680 4438 debet
700 4371 969 4464 gentilenomen,
997 4395 1069 4438 cmn
1090 4367 1235 4466 ἀνδρίᾳ,
1262 4369 1423 4457 virilitate,
1454 4373 1667 4454 coniunctum,
1694 4387 1728 4438 ut
1754 4370 1806 4440 hic
1833 4371 1929 4440 homo

179 4478 284 4550 affinis
307 4494 516 4572 cognoscatur
542 4481 679 4570 Σεβίνιρ
701 4481 749 4571 τῷ
770 4479 1010 4579 Ἀναρλοοτίιρ
1033 4479 1256 4574 Aristophanis
1280 4478 1366 4548 Rau.
1380 4495 1459 4562 ποῦς
1482 4469 1573 4548 alios
1594 4480 1681 4548 eninr
1703 4478 1793 4549 huius
1816 4497 1929 4577 poetae
2018 4539 2026 4560 ,

179 4590 214 4659 in
233 4586 409 4681 deligendis
429 4587 607 4656 nominibus
629 4613 785 4685 pagorum
804 4589 892 4659 lusus
912 4589 1200 4686 praetermittimus.
1232 4589 1439 4659 Coniecturae
1462 4588 1657 4658 ernonrinis
1676 4590 1797 4658 ratione
1818 4591 1930 4659 ductae

182 4697 301 4792 aliquid
334 4697 466 4766 subsidii
499 4697 621 4767 accedit
652 4724 669 4766 e
703 4698 807 4768 verbis
838 4697 890 4768 vel
919 4699 1052 4783 Suidac,
1086 4696 1138 4767 vel
1168 4698 1234 4767 eius
1264 4699 1425 4794 scriptoris
1432 4751 1442 4783 ,
1478 4699 1564 4769 cuius
1592 4697 1708 4770 librum
1736 4699 1929 4794 compilavit,
