4274 5290
883 275 894 354 Ϊ
988 387 991 394 ,
1042 285 1127 375 rot

339 603 501 675 Himerius
525 601 618 672 Orat.
638 617 688 686 13,
703 615 735 683 7.
786 597 841 673 Τά
863 600 902 672 δέ
923 597 976 682 σά,
1013 596 1236 686 ὦ’Βασίλειε,
1274 598 1340 671 νῦν
1368 603 1450 672 δίον
1479 603 1541 672 καί
1566 598 1665 691 αὐτῷ
1683 601 1729 692 τῷ
1752 605 1956 697 Μουσηγέτῃ

204 715 417 801 εἰκάζεσθαι,
447 715 523 785 οἷόν
545 710 653 784 αὐτόν
674 715 733 781 κἀὶ
755 707 887 807 Σαπφοῖ
908 713 968 780 καὶ
993 713 1175 806 Πίνδαρος
1196 712 1235 782 ἐν
1258 709 1330 807 ῳδη
1352 709 1443 804 κόμη
1466 740 1503 781 τε
1524 711 1639 808 χρυσῇ
1661 715 1719 781 καὶ
1746 711 1869 808 λύραις
1897 740 1958 782 κο·

204 830 400 926 σμήσαντες,
424 822 562 904 κύκνοις
576 828 704 914 ἔποχον
718 817 768 902 εἰς
789 820 965 894 Ἑλικῶνα
988 824 1169 910 πέμπουσι,
1194 818 1352 900 Μούσαις
1369 819 1506 916 Χάρισί
1515 853 1551 892 τε
1566 820 1654 910 ὁμοῦ
1669 819 1956 918 ουγχορεάσαντα.

205 939 359 1010 Oloribus
384 935 549 1004 vehentem
570 931 755 1026 Apollinem
776 930 852 1001 fecit
874 931 970 1000 etiam
991 930 1139 1018 Alcaeus,
1163 947 1257 1000 'teste
1281 932 1393 1000 eodem
1416 931 1562 1000 Himerio
1587 933 1682 1001 Orat.
1702 948 1753 1017 14,
1772 945 1821 999 10.
1867 929 1956 1000 Vide

207 1049 232 1118 I.
250 1051 294 1118 H.
310 1045 428 1119 Vossii
443 1044 549 1140 Epist.
564 1041 697 1137 mythol.
722 1041 765 1112 Τ.
781 1042 822 1127 II,
842 1058 895 1110 11.

334 1375 518 1446 Athenaeus
534 1371 623 1440 XIII.
647 1399 679 1467 p.
695 1381 770 1456 599.
787 1399 814 1443 c.
852 1375 900 1444 Ὀ
919 1374 1158 1473 Ἑρμησιάναξ
1180 1371 1381 1474 σφάλλεται,
1411 1380 1619 1470 συγχρονεῖν
1642 1367 1805 1462 οἰόμενος
1824 1369 1956 1468 Σαπφιό

203 1492 264 1560 καὶ
284 1481 534 1583 Ἀνακρέοντα,
561 1482 623 1555 τόν
643 1483 711 1573 μέν
731 1481 823 1556 κατά
845 1485 966 1580 Κῦρον
987 1491 1047 1557 καὶ
1072 1483 1311 1582 Πολυκράτην
1333 1483 1531 1579 γενόμενον,
1560 1484 1623 1582 τήν
1646 1485 1685 1555 δέ
1706 1481 1780 1554 κατ’
1802 1477 1955 1554 Ἀλυάτ-

202 1627 269 1696 την
290 1593 352 1668 τόν
376 1600 530 1691 Κροίσου
552 1597 691 1690 πατέρα.
737 1599 952 1684 Χαμαιλέων
975 1593 1004 1666 δ’
1027 1599 1065 1666 ἐν
1085 1597 1135 1688 τῷ
1156 1598 1232 1691 περὶ
1251 1595 1414 1694 Σαπφοῦς
1436 1599 1495 1666 καί
1516 1599 1630 1686 λέγειν
1652 1591 1756 1674 τινάς·
1772 1620 1886 1692 φησιν,
1909 1587 1958 1670 είς

203 1705 314 1808 αὑτήν
335 1703 543 1804 πεποιῆσθαι
563 1699 634 1776 ὑπό
655 1701 911 1803 Ἀνακρέοντος
931 1703 1030 1779 τάδε·Δ

790 1820 929 1912 Σφαίρη
953 1813 1063 1912 θηῦτέ
1077 1843 1121 1903 με
1143 1818 1320 1911 πορφυρέη

786 1922 932 2018 βάλλων
954 1920 1175 2021 χρυσοκόμης
1192 1922 1318 2018 Ἔρως,

787 2039 817 2122 †
839 2039 918 2105 νυνί
939 2029 1092 2114 ποικίλος
1114 2032 1300 2126 λαμβάνον,

786 2152 984 2234 συμπαίζειν
1005 2153 1239 2240 προκαλεῖται.

785 2253 860 2355 ἡδ’
881 2258 972 2327 ἐστὶν
993 2253 1062 2350 γάρ
1084 2252 1139 2324 ἀπ’
1162 2253 1318 2326 εὐκτίτου

786 2369 939 2458 Λέσβου,
961 2361 1025 2464 τήν
1045 2365 1113 2455 μέν
1134 2361 1221 2464 έμην
1242 2364 1367 2461 κόμην,

786 2472 896 2570 λευκά
917 2473 994 2571 γάρ,
1016 2478 1290 2572 καταμέμφεται,

785 2583 870 2682 πρός
892 2583 922 2654 d'
944 2586 1058 2681 ἄλλην
1079 2583 1161 2657 τινά
1181 2583 1311 2675 χάσκει.

204 2706 276 2778 Kat
298 2699 364 2797 τήν
387 2695 519 2800 iarun*
541 2699 579 2772 δέ
601 2693 688 2795 πρός
709 2691 818 2768 αὐτόν
843 2691 954 2766 ταῦτά
976 2725 1081 2794 φησιν
1102 2691 1224 2766 εἰπεῖν·

786 2811 929 2887 Kaleon,
951 2801 979 2874 ὦ
1000 2804 1228 2903 χρυσόθρονε
1253 2803 1372 2888 Μοῦά,
1394 2810 1530 2888 ἔνισπες

785 2915 910 3005 ὕμνον,
932 2917 972 2987 ἐκ
995 2916 1064 2996 τοῖςΙ
1080 2912 1347 3007 καλλιγύναικος
1363 2916 1499 2997 ἐσθλάς·
1538 2993 1543 3000 ,

798 3024 903 3122 Ίῆΐος
925 3023 1042 3122 χώρας
1064 3023 1108 3095 ὃν
1129 3021 1222 3096 ἄειδε
1244 3015 1395 3123 τερπνός

787 3139 941 3233 πρέσβυς
964 3133 1107 3228 ἀγαυός.

196 3255 284 3330 Ὅτι
305 3255 344 3329 δέ
363 3251 428 3326 οὐκ
450 3257 520 3324 ἔστι
543 3248 710 3348 Σαπφοῦς
730 3247 834 3321 τοῦτο
856 3244 898 3316 τό
920 3241 1026 3338 ᾆσμα,
1049 3249 1160 3317 παντί
1176 3275 1245 3318 που
1267 3245 1387 3340 δῆλον.

319 3365 420 3448 Illud,
443 3363 551 3451 Musa
573 3383 676 3428 aureo
699 3358 787 3428 solio
810 3356 963 3447 insignis,
988 3355 1115 3423 deluisti
1133 3379 1288 3442 carmen,
1312 3379 1360 3424 ea·
1376 3357 1512 3450 regione
1520 3357 1761 3450 formosarum
1776 3359 1957 3429 mulierum

204 3475 309 3547 divite
339 3453 473 3568 egregia
502 3471 603 3539 Teius
633 3469 727 3562 φυοά
757 3467 909 3536 canebat
938 3465 1093 3532 suaviter
1117 3489 1228 3534 aenea·
1258 3467 1385 3536 claues.
1430 3467 1469 3536 In
1495 3465 1577 3538 hanc
1606 3468 1744 3539 formam
1767 3467 1878 3538 Critici
1899 3465 1956 3536 illa

203 3587 297 3658 metri
319 3608 430 3656 caussa
450 3582 653 3672 redegenmt:
674 3579 709 3647 in
731 3577 819 3648 libris
841 3575 926 3645 enim
948 3592 995 3644 est
1017 3580 1155 3663 κείνων,
1187 3599 1224 3645 ac
1248 3575 1363 3644 deinde
1385 3573 1437 3648 ὅτ’
1458 3576 1563 3666 ἄειδε,
1587 3593 1619 3646 et
1641 3577 1720 3648 haec
1742 3578 1870 3674 quidem
1891 3577 1960 3646 iam.

203 3697 373 3769 emendata
395 3709 469 3763 sunt
490 3691 575 3785 apud
596 3688 770 3770 Ursinum3
800 3701 965 3781 praeterea
987 3683 1177 3776 vidgabamr
1199 3686 1328 3756 Μοῦσα
1350 3690 1513 3767 εἴνασπες,
1542 3711 1603 3781 pro
1626 3712 1688 3782 quo
1712 3686 1956 3780 Schweighaeu-

204 3807 268 3878 sserl
289 3805 360 3875 COd·
375 3803 417 3874 Α·
432 3799 571 3882 sivones,
592 3798 715 3870 ilem&
742 3793 851 3896 Τῆὶός
876 3810 908 3863 el
928 3796 1078 3889 πρέσβυς
1097 3791 1240 3885 ἀγλαός.
1294 3795 1332 3864 Si
1354 3819 1464 3864 versus
1488 3795 1546 3865 isti·
1565 3796 1773 3892 Sapphonem
1795 3814 1957 3868 auctorem

202 3917 366 4002 haberent,
390 3914 596 3984 scriberemus
620 3936 691 3979 cnm
704 3905 899 3976 Blomfieldo
922 3903 1059 3998 aliisque
1081 3903 1202 4004 κη’νον,
1226 3909 1355 3988 Μοῖσα,
1377 3905 1490 3986 ε’σλάς.
1537 3905 1745 4002 Sapphonem
1767 3905 1846 4001 nihi!
1868 3907 1955 3976 aliud

203 4026 365 4112 habitisse,
388 4024 474 4121 quod
495 4021 560 4092 illis
583 4019 728 4090 versibus
750 4032 928 4114 reponeret,
953 4030 1080 4112 praeter
1101 4013 1240 4083 ieiunam
1262 4013 1437 4108 elegantiae
1460 4039 1570 4086 eorum
1590 4015 1828 4088 laudationem?
1861 4019 1956 4088 Certe

203 4139 296 4210 aliter
317 4134 491 4232 respondet
505 4131 625 4200 Alcaeo
649 4129 762 4223 fragm.
777 4127 867 4212 LXI,
890 4126 1013 4212 eodem,
1037 4151 1100 4220 quo
1123 4125 1187 4210 ille,
1210 4149 1269 4194 usa
1290 4141 1402 4196 metro.
1442 4121 1522 4194 Non
1543 4125 1637 4196 nimis
1661 4129 1863 4199 exercitatum
1885 4153 1954 4197 ver·

203 4249 395 4320 sificatorem
417 4243 524 4339 prodit
546 4241 735 4311 adiectivum
756 4239 896 4324 έοθλάς,
919 4235 1048 4305 linitiori
1069 4232 1341 4326 καλλιγύναικος
1362 4233 1546 4326 subiectum,
1585 4237 1641 4306 rel·
1664 4239 1848 4309 adverbium
1877 4267 1955 4334 τερ.
1990 4299 1997 4318 Ι

207 4358 302 4439 nude
323 4358 357 4427 in
378 4355 476 4425 verbo
498 4351 665 4422 transitivo
687 4348 825 4422 άείδετν.
868 4347 921 4414 Ex
942 4346 1086 4416 versibus
1111 4343 1280 4440 Glyconeis
1303 4344 1356 4414 vel
1375 4334 1618 4435 Anacreonteis‚
1651 4349 1764 4443 quibus
1786 4348 1837 4417 hic
1858 4347 1955 4417 horno

203 4469 338 4567 putabat
362 4466 515 4536 utendum
545 4459 766 4544 Anacreonti·
787 4473 823 4526 ut
851 4454 1019 4550 Sapphoni
1047 4455 1228 4550 Sapphicis,
1265 4455 1374 4524 tertius
1398 4455 1444 4526 sic
1466 4456 1591 4527 ridetur
1612 4457 1831 4552 corrigendus:
1865 4455 1953 4556 θήκη

203 4585 345 4654 ποικίλα
365 4573 574 4668 λαμβάνων,
614 4567 882 4668 quemadmodum
905 4590 957 4662 ap.
976 4565 1125 4659 Theogn.
1141 4579 1216 4636 222.
1238 4564 1355 4662 legitur
1376 4573 1513 4642 ποικίλα
1537 4566 1628 4664 δήνέ
1650 4575 1756 4660 ἔχειν,
1794 4591 1869 4638 nam
1891 4593 1951 4663 pro

202 4693 284 4763 νυνὶ
303 4686 507 4759 membranae
530 4673 821 4777 Schweighaeuseri
841 4704 934 4771 νηνε.
