4274 5290
1066 218 1126 327 70

223 449 274 504 est
295 457 334 503 ea
356 429 502 502 vocabuli
524 427 711 522 significatio
737 427 871 522 Olymp.
891 441 923 513 7,
945 444 976 505 t.
998 427 1053 497 uhi
1075 427 1148 497 vide
1173 423 1330 495 Bocclrhii
1352 425 1594 522 explicationes,
1629 426 1804 520 eademque
1832 427 1978 524 plun'lrus

225 541 409 640 Sapphonis
426 540 504 612 locis
520 539 730 610 confirmatu.
753 537 864 608 Minus
881 553 955 634 apte
971 539 1014 607 ad
1030 538 1219 608 sententiam
1228 536 1392 631 Volgems
1409 561 1518 606 versus
1534 534 1687 640 inpriore
1703 545 1809 635 χαῒρε
1825 539 1977 610 distinxit.

353 867 553 964 Hephaestio
575 896 609 964 p.
630 877 682 936 52.
736 865 959 964 Τετρᾶμετρα
981 867 1020 938 ct
1039 865 1259 963 χοριαμβαοὶ
1279 862 1532 961 emolumenti,
1567 864 1675 938 ἂναὶ
1696 863 1766 938 τῶν
1787 867 1977 964 τρψίτρων

220 977 445 1077 συνεχέστερά
466 981 569 1067 ἐστιν,
600 979 657 1049 οἶα
677 981 775 1048 ταυτὶ
798 974 845 1048 roi
867 976 1049 1074 Σαπφοῦς·

591 1087 704 1160 Actae
722 1115 798 1174 νυν,
822 1088 936 1183 ᾰβραὶ
958 1085 1118 1184 Χάριτος,
1144 1089 1358 1175 ναλλίκομοί
1373 1093 1411 1158 re
1434 1091 1574 1157 Μοῖσαι.

216 1203 361 1283 Adeste,
384 1199 505 1268 molles
532 1197 687 1279 Gratiae,
705 1197 929 1290 pulchrisque
951 1198 1060 1270 comis
1083 1198 1219 1265 Musae.
1267 1196 1396 1267 Servius
1418 1194 1555 1266 Centim.
1578 1223 1611 1290 p.
1631 1204 1725 1265 1822.
1762 1196 1976 1266 Choriamhr‘-

219 1336 297 1380 cum
314 1308 525 1399 Sapphicum
548 1316 687 1375 coastat
706 1307 856 1376 trimetro
880 1316 915 1374 et
937 1306 1192 1398 amphibracho,
1215 1316 1252 1373 ut
1273 1317 1327 1374 est
1349 1307 1432 1374 hoc:
1453 1305 1671 1375 Dulcisauae
1690 1307 1847 1376 Pierides
1873 1307 1976 1376 uersi-

210 1421 286 1514 fico
305 1419 441 1513 facete.
487 1417 533 1485 Et
561 1416 648 1511 apud
670 1414 802 1484 Aritium
824 1415 1089 1484 Fortunatianum
1110 1415 1249 1484 Ursinus
1279 1443 1312 1510 p.
1333 1423 1409 1483 281.
1438 1431 1569 1484 testatur
1590 1432 1733 1484 nostrum
1755 1415 1976 1509 fragmentum,

220 1555 261 1598 ex
274 1527 513 1624 Hephaestione
537 1523 740 1619 descriptum,
763 1524 847 1618 legi,
875 1525 909 1594 iu
924 1523 1074 1600 Putschii
1096 1541 1203 1594 autem
1226 1524 1371 1620 exemplo
1393 1551 1427 1619 p.
1443 1539 1540 1608 2703,
1562 1541 1735 1620 postquam
1750 1526 1906 1596 Horatius
1929 1527 1976 1596 di·

123 1664 128 1681 ¹
221 1656 289 1708 ctus
313 1653 362 1707 est
383 1636 493 1705 Carm.
509 1636 535 1720 l,
552 1643 583 1703 8.
607 1633 736 1702 alterius
760 1657 872 1704 versus
897 1636 978 1729 pede
1000 1635 1105 1730 primo
1128 1651 1310 1712 constanter
1332 1634 1550 1704 choriambum
1571 1635 1717 1719 evitasse,
1740 1635 1976 1706 Grammaticus

220 1748 342 1843 pergit:
372 1745 567 1814 Secundum
594 1745 695 1812 colon
715 1745 899 1814 Anacreon
921 1745 974 1814 sic
997 1795 1082 1813 ....
1105 1744 1247 1835 Sappho
1271 1743 1323 1812 sic
1346 1794 1431 1813 ....
1454 1745 1526 1838 ipsa
1547 1760 1713 1840 poetamm
1736 1746 1834 1816 verba
1854 1747 1976 1816 excide·

222 1873 305 1926 runt.
350 1855 389 1923 ln
417 1853 478 1922 hoc
502 1871 640 1922 veterum
667 1853 871 1922 metricorum
900 1879 1058 1923 consensu
1086 1879 1151 1922 nou
1174 1855 1333 1924 debebant
1356 1853 1548 1924 Gaislordus
1574 1870 1606 1925 et
1626 1855 1837 1924 Blomhelelns
1859 1857 1976 1926 codicis

224 1965 265 2036 C.
298 1965 484 2059 scripturam
514 1962 614 2036 δεῦτε
636 1963 704 2034 νῦν
730 1962 889 2058 amplecti,
923 1989 1115 2059 quamquam
1142 1965 1227 2060 apud
1249 1963 1404 2033 Ursinum
1434 1989 1558 2058 quoque
1586 1989 1624 2032 ca
1652 1967 1815 2060 reperitur.
1861 1963 1977 2062 Neque

222 2074 302 2143 haec
325 2090 393 2142 erat
416 2099 506 2142 mens
530 2072 686 2157 Bentleii,
718 2073 761 2141 ad
784 2099 878 2166 quem
905 2071 952 2142 rlli
973 2091 1166 2169 provocant,
1196 2072 1250 2167 qui
1277 2074 1310 2143 iu
1336 2091 1507 2169 conspectu
1534 2091 1706 2144 metrorum
1728 2075 1976 2146 Horatianorum

223 2187 290 2256 νῦν
312 2185 384 2253 ideo
409 2182 589 2278 scripserit,
623 2197 658 2250 ut
681 2181 845 2252 Graccum
868 2207 995 2252 versum
1017 2183 1151 2253 baberet
1173 2183 1356 2251 Horatiano
1381 2183 1427 2251 illi
1453 2183 1605 2270 similem,
1639 2210 1698 2256 nec
1724 2186 1914 2256 dubitaverit
1937 2187 1976 2256 de

223 2295 324 2364 nostri
348 2292 484 2389 exempli
506 2316 671 2377 mensura,
703 2292 778 2359 ‹lmn
801 2290 955 2362 Alcaeum
978 2310 1010 2362 et
1033 2293 1244 2389 Sapphonem
1272 2293 1348 2362 alibi
1374 2292 1511 2388 primum
1532 2294 1649 2388 pedem
1671 2295 1828 2392 epitritum
1851 2294 1975 2384 secisse,

220 2428 408 2501 persuasum
432 2428 466 2471 se
489 2401 607 2470 habere
630 2403 683 2470 ait.
731 2401 814 2470 Cum
836 2419 947 2471 nostro
969 2400 1083 2500 οἱβραί
1105 2401 1260 2498 χάριτες,
1290 2402 1335 2470 ita
1358 2403 1443 2472 enirn
1464 2403 1498 2472 in
1520 2405 1723 2474 annotatione
1745 2430 1894 2475 excusum
1917 2424 1975 2495 est,

222 2513 360 2583 Ursinus
385 2527 551 2607 comparat
573 2511 701 2580 Horatii
727 2511 866 2582 Gratias
891 2513 1060 2596 decentes,
1086 2511 1196 2582 Carm.
1211 2512 1236 2598 I,
1252 2529 1284 2598 t,
1300 2513 1332 2580 ό.

1069 2731 1127 2802 LI.

354 2840 537 2910 Demetrius
561 2841 600 2910 de
624 2840 738 2910 elocut.
760 2867 788 2910 c.
808 2855 880 2921 140·
905 2847 959 2916 Αἱ
975 2839 1047 2914 dati
1064 2843 1135 2915 ectr
1154 2841 1341 2937 σχημάτων
1364 2841 1501 2940 χάριτος
1520 2844 1629 2945 optat
1643 2841 1716 2935 ahc,
1739 2850 1800 2918 ael
1822 2855 1977 2924 alsterae

221 2947 315 3048 nopai
338 2957 488 3049 Σαπφοῖ·
509 2952 584 3021 οἷον
607 2953 646 3023 ἐκ
668 2954 727 3049 τῆς
749 2949 1022 3041 ἀναδιπλτίοεως,
1045 2953 1131 3024 ὅπου
1153 2951 1270 3052 νύμφη
1292 2951 1375 3051 πρὸς
1396 2951 1460 3051 τήν
1481 2961 1681 3052 παρθενίαν
1702 2963 1796 3055 φησί·
1824 2962 1977 3058 Παρθε-

224 3067 294 3148 νίοι,
319 3066 507 3158 tapetem,
531 3069 592 3131 ποῒ
608 3089 653 3151 με
675 3062 818 3134 λιποῦσα
833 3070 933 3156 clyp,-
954 3063 1029 3159 ἡδί
1049 3059 1271 3160 ἀποκρίνεται
1291 3059 1498 3162 apereruerit*
1519 3067 1569 3156 τῷ
1587 3064 1683 3158 αὐτῷ
1698 3066 1861 3164 σχήματι·
1884 3071 1976 3144 Οὐκ·

224 3175 275 3244 ίτι
303 3171 374 3264 rigeo
403 3165 489 3267 apo'e
517 3199 568 3256 ae,
600 3168 715 3241 οὐκίτι
734 3171 818 3270 ῇξω.
854 3177 979 3242 πλείων
1008 3169 1077 3268 γαρ
1102 3172 1204 3267 χάρις
1232 3175 1450 3270 ἐμφαίνεται,
1481 3177 1622 3273 ἢεῖπερ
1644 3177 1736 3263 ἅπαξ
1757 3181 1889 3279 ἐλέχθη
1917 3187 1978 3256 καί

222 3280 309 3354 ἄνευ
330 3278 393 3353 τοῦ
414 3277 596 3379 σχήματος.
638 3287 751 3352 καίτοι
771 3282 793 3378 ἡ
815 3277 1046 3359 tractatura
1072 3279 1158 3380 προς
1180 3279 1378 3378 δεινότητας
1399 3283 1538 3371 μᾶλλον
1560 3293 1659 3360 δοκεῖ
1677 3289 1864 3388 εὑρῆσθαι,
1895 3293 1977 3387 ἡδί

222 3396 376 3471 καὶτοῖς
398 3387 604 3470 δεινοτάτοις
627 3391 845 3488 καταχρῆται
867 3391 920 3460 ἐπὶ
940 3389 1093 3488 χάριτος.
1902 3387 1904 3394 ’

353 3497 478 3568 Peioris
508 3523 620 3568 versus
651 3516 786 3568 metrum
817 3525 883 3570 uon
911 3517 961 3570 est
989 3526 1043 3588 cpr
1073 3523 1225 3593 negemus
1253 3501 1377 3570 salvum
1407 3525 1496 3586 esse,
1528 3503 1577 3572 cui
1603 3491 1737 3574 alterum
1765 3533 1891 3580 versum
1916 3510 1976 3584 lrac

223 3610 445 3681 emendatione
468 3608 541 3678 licet
564 3609 823 3679 accommodaret
1267 3663 1270 3669 .

651 3721 858 3815 Παρθενία,
888 3723 1084 3816 παρθενία,
1112 3725 1234 3810 recipe
1257 3718 1375 3791 λιποῖο’
1392 3725 1494 3814 οῖ’χῃῑ

654 3825 781 3899 Οὐκέτι
802 3825 886 3926 πρός
908 3827 935 3899 c’
946 3827 1100 3902 οὐδέποτ’
1111 3837 1192 3916 iguo,
1222 3827 1338 3900 οὐκίτι
1359 3829 1444 3926 πρός
1465 3829 1577 3917 π’ίξτο.

225 3933 422 4026 Virginitas,
450 3932 637 4026 uirginitas,
660 3961 726 4029 φπο
748 3939 979 4008 ποτίσταται
1000 3939 1144 4008 ahri'sti?
1175 3937 1257 4006 Nou
1279 3939 1427 4028 amplius
1451 3941 1501 4008 ad
1518 3953 1550 4009 te
1572 3965 1721 4036 unquam
1742 3949 1885 4031 veniam,
1907 3974 1976 4022 ποπ

223 4043 371 4134 amplius
395 4043 446 4109 ad
467 4053 499 4111 te
523 4047 665 4114 ueniam.
710 4044 922 4118 Blomfieldus
950 4045 1073 4120 λιποῒιί
1091 4045 1230 4142 οἱποιῖφ.
1275 4049 1419 4117 Koeuias
1443 4051 1485 4118 ael
1508 4051 1644 4146 Gregor.
1668 4079 1700 4147 p.
1717 4065 1791 4126 585.
1815 4083 1974 4132 commen·

224 4155 279 4223 dat
301 4151 402 4248 περσί
428 4151 476 4220 vel
500 4157 637 4250 πρίοσι,
669 4171 832 4250 tamquam
852 4156 1018 4227 Aeolicum
1042 4155 1277 4253 promptitas.
1323 4154 1414 4227 Nihil
1437 4177 1537 4229 mutat
1565 4163 1604 4230 de
1628 4162 1756 4258 vulgata
1778 4166 1912 4240 lectione
1935 4174 1975 4240 A.

224 4261 438 4334 Sclureiderus
463 4262 569 4332 select.
592 4289 688 4338 carm.
711 4291 744 4361 p.
765 4277 817 4336 52.

1064 4481 1094 4552 L
1129 4534 1136 4552 .

244 4675 280 4718 ,ἰ
357 4583 558 4770 Ηιρῐτφτεῑίο
580 4613 614 4687 p.
629 4586 684 4657 66.
707 4586 807 4662 “ora
829 4589 967 4686 ᾄσματα
988 4481 1177 4693 ye‘ypalrlrut
1199 4588 1325 4666 ίανινᾰ
1346 4592 1442 4694 παρα
1464 4601 1615 4696 Σαπφοῖ·
1656 4603 1704 4672 ,Τί
1718 4629 1762 4690 με
1785 4609 1977 4692 Πανδιονὶς

225 4695 349 4796 raptim
369 4706 447 4789 χιλι
468 4694 527 4771 τίν.
771 4737 779 4748 ·
