4242 5300
924 254 1139 388 ,Εἶ-

160 465 330 562 participio
346 479 522 560 acceptum,
543 461 815 554 tenninatiombus
826 458 938 535 ‘ebirbe‘r
957 458 1107 536 πᾶσαν
1122 478 1305 532 exornatum
1326 477 1388 531 est:
1411 489 1543 558 quarum
1557 466 1693 537 varietas
1708 467 1780 566 ipsa
1800 487 1906 541 osten·

159 576 234 646 dere
259 577 391 659 videtur,
414 591 558 642 neutram
581 574 748 668 genuinam
770 597 852 658 esso,
875 574 986 642 anrbas
1010 601 1048 642 ex
1070 574 1228 642 communi
1251 572 1337 641 sonte
1358 572 1497 642 fluxisse.
1526 576 1638 671 ltaque
1659 579 1838 648 uuiversum
1858 580 1906 649 lo·

158 711 229 752 cum
245 685 289 754 ita
305 684 505 752 scribendum
522 685 752 752 existimamus:
773 689 854 754 τίνα
869 681 911 782 δὴ
929 680 1012 756 αὖτε
1033 691 1144 755 πείθω
1160 679 1350 773 ιι’σαγι’νεισ’
1361 684 1406 754 ἂν
1423 681 1602 781 φιλότατα,
1625 694 1677 768 τίς
1691 685 1767 772 σ’,ὦ
1781 690 1907 790 Ψάπφ’,

156 792 302 892 ᾰδινήηι
331 793 404 864 Hoc
433 794 575 878 dubites,
605 817 647 860 an
674 791 776 886 aptius
801 793 834 861 in
855 794 997 881 vocativo
1025 793 1155 886 obliqua
1181 793 1282 860 oratio
1310 809 1397 861 recta
1424 809 1571 879 mutetur,
1599 799 1787 890 praesertim
1812 828 1907 896 quoru

156 904 333 972 membrum
348 901 419 988 boc,
437 897 584 988 u'3'u’,oi
608 897 883 999 Ψάπφ’,κὲδινήνμ
896 902 984 986 nulla
1005 902 1160 998 particula
1181 901 1340 996 prioribus
1360 925 1516 970 annexum
1536 905 1591 973 sit:
1615 907 1700 1000 quod
1720 926 1846 1004 poterat
1862 912 1908 980 ita

156 1011 256 1098 ellici,
280 1011 308 1080 si
332 1017 458 1106 πείθην
480 1012 650 1080 infinitivus
680 1027 900 1106 reponeretur,
923 1011 950 1080 is
973 1037 1097 1108 quoque
1124 1012 1165 1082 ab
1192 1027 1377 1104 antegresso
1398 1015 1495 1081 θέλω
1523 1029 1626 1108 aptus.
1671 1016 1720 1084 Ac
1748 1035 1841 1112 putes
1867 1047 1906 1091 ex

154 1121 326 1205 Vossiano,
342 1127 485 1217 πιίθημι
508 1118 586 1192 illud
608 1125 736 1218 πείθην
755 1118 850 1190 facile
874 1121 962 1203 elici3
998 1119 1114 1190 fatetur
1142 1138 1250 1190 tamur
1276 1119 1417 1189 Vossius
1450 1147 1541 1191 suum
1573 1129 1719 1220 πείθημα
1747 1152 1814 1196 non
1833 1155 1905 1199 esse

155 1257 194 1301 ex
219 1231 308 1300 libris
338 1232 481 1316 ductum,
515 1247 709 1325 quapropter
738 1229 800 1297 ista
829 1231 1008 1299 coniectura
1032 1230 1115 1299 iusto
1143 1229 1350 1299 fundamento
1378 1249 1495 1300 careat.
1536 1231 1652 1303 Potest
1679 1251 1784 1304 antem
1814 1254 1903 1309 tauto

155 1339 278 1410 [acilius
307 1356 393 1409 recta
417 1339 518 1408 oratio
545 1341 687 1409 acerbis
711 1344 793 1411 τίνα
820 1345 931 1411 πείθω
958 1339 1068 1434 incipi,
1105 1357 1279 1434 postquam
1308 1335 1350 1437 dri
1379 1340 1526 1410 voculam
1552 1343 1657 1439 potius
1685 1368 1781 1436 quam
1807 1349 1847 1420 δέ
1872 1351 1904 1419 in

93 1465 96 1470 '
153 1451 299 1520 membro
323 1449 378 1518 illo
400 1448 597 1542 agnovimus.
633 1449 697 1519 Vs.
713 1464 766 1517 21.
802 1448 904 1518 Aldus
932 1466 964 1518 et
992 1450 1069 1518 cod:
1085 1449 1217 1518 Monac.
1238 1446 1279 1520 α’.
1314 1449 1438 1518 Ibidem
1456 1450 1596 1519 Vossius
1616 1450 1734 1550 parim.
1770 1455 1833 1525 Vs.
1850 1473 1903 1527 22.

154 1560 256 1630 Aldus
277 1565 319 1631 αἱ
337 1559 375 1631 δέ
391 1559 486 1654 δῶρα
504 1555 552 1655 μή
572 1559 611 1630 δέ
626 1557 693 1630 κέτ’
712 1556 815 1639 ἄλλα,
838 1559 930 1628 codd.
946 1558 1080 1628 Monac.
1096 1557 1235 1652 Rebdig.
1256 1554 1341 1630 αι’δ.
1362 1565 1391 1629 δ.
1415 1557 1464 1656 μή
1486 1559 1525 1630 δέ
1546 1564 1606 1632 καὶ
1624 1563 1747 1636 τᾶλλα.
1783 1566 1903 1663 Margo

153 1667 305 1739 Victorii:
337 1697 390 1764 γρ.
413 1673 565 1759 δέχηται.
603 1667 763 1763 Exempla
784 1666 912 1761 vulgata
938 1664 987 1764 μή
1018 1671 1163 1760 δέχεται,
1195 1669 1319 1740 τᾶλλα.
1365 1667 1564 1763 Stephanus,
1596 1671 1751 1760 Ursinus,
1786 1675 1904 1766 Faber,

152 1778 363 1848 Blomfieldus
384 1776 434 1876 μή
461 1775 579 1868 δέχεέ,
612 1775 714 1846 α’λλᾰ.
743 1775 894 1869 Plerique
923 1776 1131 1844 recentiorum
1158 1801 1229 1843 cum
1252 1777 1296 1844 Is.
1318 1776 1458 1845 Vossio:
1494 1775 1543 1876 μή
1565 1779 1683 1867 δέκετ’,
1706 1780 1815 1872 ἄλλα,
1847 1791 1905 1859 sed

153 1888 299 1958 Hermon
344 1911 359 1954 s
392 1887 495 1957 ἄλλα.
533 1885 600 1955 Vs.
617 1899 669 1952 23.
692 1883 869 1954 Brunclrius
895 1901 928 1952 et
951 1883 1114 1952 lacobsius
1140 1885 1237 1982 φιλῆ,
1268 1885 1353 1977 quod
1381 1887 1409 1954 si
1436 1913 1473 1954 ex
1499 1887 1589 1956 libris
1617 1891 1779 1983 proditum
1807 1915 1902 1986 esset,

148 2014 298 2068 accentu·
302 2012 439 2064 retracto
459 1994 728 2090 amplecteremur.
755 1993 878 2062 Ibidem
891 1992 1070 2063 Brunclrius
1090 1991 1215 2123 aliique
1227 1989 1369 2091 φιλᾶσει.
1401 1992 1465 2061 Vs.
1483 2009 1535 2072 Ωιι.
1553 1995 1655 2065 Aldus
1680 1999 1904 2081 natuturam

154 2107 261 2178 Codd.
275 2105 358 2200 Reg.
374 2123 402 2174 1.
419 2103 567 2176 Colb.’
536 2135 557 2175 κ
577 2110 650 2175 οσίικ
650 2103 815 2184 ἐ’θέλοις.
836 2103 919 2172 Cod.
935 2102 1068 2171 Monac.
1088 2101 1169 2172 κῶτ
1179 2131 1210 2174 ει
1206 2097 1290 2172 καὶ
1312 2105 1436 2182 θέλεις.
1472 2101 1633 2196 Pleraque
1655 2109 1801 2204 exempla
1821 2117 1903 2210 typis

153 2241 268 2287 excusa
291 2246 313 2287 κ
332 2215 392 2286 clu
414 2219 474 2285 καὶ
496 2217 620 2294 θέλεις.
651 2213 800 2299 Ursinus,
825 2211 1016 2308 Stephanus,
1039 2210 1214 2280 Portus’
1180 2211 1297 2304 χὸττι
1318 2209 1420 2279 vel
1390 2241 1411 2282 κ
1432 2210 1504 2283 ὄττι
1523 2210 1673 2310 κελεύῃς.
1690 2216 1745 2286 ·.1s
1761 2219 1901 2294 Vossius

150 2355 171 2397 a
194 2327 298 2412 codd,
321 2341 355 2394 ut
377 2323 510 2394 dicits*
488 2321 611 2422 ηοῶκι
598 2323 767 2402 ὶέθέλσις
786 2321 837 2390 vel
856 2324 1030 2409 ἐθέλλοις,
1054 2322 1128 2390 inde
1150 2319 1371 2390 Bruuclrius*
1350 2353 1372 2419 η
1392 2317 1436 2391 οὗ
1453 2321 1561 2394 κινέ.
1597 2322 1768 2396 Postremo
1788 2329 1901 2402 Blom-

151 2437 275 2521 lieldus,
298 2435 471 2519 lacobsius,
494 2433 699 2501 Hermannus
724 2457 762 2500 ex
783 2431 905 2500 indiciis
929 2429 1001 2500 libri
1023 2431 1134 2500 Aldini
1157 2446 1189 2499 et
1209 2431 1301 2499 codd.
1323 2428 1406 2524 Reg.
1427 2448 1454 2498 1.
1476 2431 1572 2502 Colb.
1598 2433 1685 2506 κούκ
1706 2437 1900 2532 εθέλσισαν,

151 2564 235 2617 recte
258 2562 361 2615 autem
380 2545 487 2638 ipsam
507 2542 695 2636 scriptoram
717 2539 812 2611 κωύκ
832 2557 1021 2610 revocarunt
1041 2539 1231 2610 Sebaelerus
1253 2554 1285 2607 et
1305 2539 1485 2609 Goellerus.
1516 2541 1626 2633 Quum
1648 2545 1732 2613 enirn
1751 2553 1811 2620 καὶ
1829 2569 1850 2624 ὀ
1870 2567 1902 2623 et
1944 2627 1951 2636 ,

152 2661 212 2730 καὶ
233 2665 270 2729 ὃῖ
287 2655 416 2725 omnino
439 2651 665 2722 contrabantur
684 2651 717 2719 in
740 2651 791 2718 ιῖῐο
813 2665 844 2719 et
864 2652 924 2734 κ’ᾧ,
950 2675 1107 2744 quumque
1131 2650 1165 2717 in
1186 2648 1321 2718 dialecto
1342 2650 1450 2719 Ionica
1471 2650 1683 2748 diphthongus
1703 2657 1754 2728 ὧν
1774 2661 1901 2730 resede-

115 2835 122 2842 .
151 2769 207 2854 rit,
233 2767 368 2836 eandem
388 2764 524 2832 libenter
549 2761 634 2856 apud
654 2759 800 2830 Aeoliam
820 2760 976 2854 poetriam
995 2759 1124 2828 ferimus
1148 2759 1181 2827 in
1203 2759 1287 2828 crasi
1306 2759 1500 2853 syllabarum
1524 2765 1584 2833 καὶ
1602 2769 1654 2836 ο““υ.
1687 2765 1751 2835 Vs.
1768 2777 1821 2837 25.
1841 2769 1899 2840 At·

152 2880 210 2948 dus
240 2877 397 2964 ἒθέλσιμι
421 2877 481 2944 καὶ
503 2872 578 2943 νῦν.
611 2869 699 2940 Dein
720 2869 792 2944 libri
817 2869 885 2940 ὅσα
912 2886 945 2937 et
966 2871 1109 2940 τελέσαι
1144 2867 1354 2938 Blomfieldus
1374 2886 1480 2938 autem
1502 2878 1680 2944 τελεῖσθαι
1703 2876 1843 2972 scripsit,
1865 2879 1900 2950 in

152 2987 354 3058 annotatione
370 2984 537 3081 τελῆσθαι
551 2979 762 3049 commendat.
791 2977 855 3047 Vs.
868 2991 921 3060 27·
936 2977 1118 3071 Purgoldns
1134 2978 1296 3047 Observv.
1318 2979 1384 3046 crit
1404 3005 1438 3074 p.
1454 2989 1529 3061 995.
1545 2977 1609 3074 legi
1624 2981 1691 3052 vult
1707 2980 1751 3056 mi
1766 2985 1797 3058 δ’
1807 2984 1901 3076 αὖτε,

151 3098 226 3194 qnia
241 3092 345 3174 αὐτός
367 3117 494 3188 semper
509 3105 688 3185 opponatur
707 3089 767 3172 rei,
800 3111 879 3182 quae
906 3087 1072 3183 adipsum
1095 3088 1266 3182 pertineat,
1297 3113 1380 3156 nunc
1403 3105 1507 3156 autern
1529 3087 1621 3161 ariaci
1646 3117 1709 3186 quo
1736 3095 1900 3184 reseratur,

150 3234 216 3278 uon
238 3206 377 3275 babeat:
411 3203 469 3271 sed
488 3197 580 3272 αὐτα
594 3199 665 3268 loeo
690 3197 818 3266 omnino
840 3197 1000 3291 congruit,
1029 3223 1125 3290 quum
1147 3197 1208 3265 dea
1231 3195 1409 3292 appelletur
1429 3213 1462 3266 ut
1484 3225 1607 3268 summa
1629 3218 1661 3270 ot
1681 3204 1902 3296 potentissima

152 3317 301 3402 adiutrix,
324 3331 358 3384 nt
381 3328 546 3382 senserunt
569 3308 732 3403 Volgerus
756 3324 788 3376 et
809 3305 992 3376 Huscblrius
1016 3307 1058 3376 ad
1083 3304 1204 3374 Tibull.
1227 3305 1259 3390 l,
1281 3322 1311 3390 t,
1331 3321 1386 3387 7¹·
1425 3306 1508 3376 Cod.
1527 3309 1658 3380 Monac.
1683 3309 1726 3382 orl
1750 3311 1898 3387 δἀὑτᾶ.

152 3429 243 3498 ldem
265 3451 337 3494 cum
359 3423 444 3492 Aldo
468 3424 587 3517 ἱμέριι,
612 3418 713 3489 Aldus
736 3435 901 3514 praeterea
923 3418 1091 3488 τέλεσσαν.
1123 3413 1302 3484 Brunclrius
1327 3414 1442 3510 aliique
1463 3413 1506 3489 rr)
1527 3417 1570 3506 δ’,
1595 3420 1634 3488 de
1653 3445 1716 3514 qua
1730 3420 1834 3491 forma
1852 3425 1899 3493 vi·

151 3539 191 3608 de
214 3537 299 3608 dicta
320 3535 354 3606 in
376 3559 424 3612 vs.
446 3549 496 3600 tu.
531 3530 594 3599 Vs.
612 3537 665 3598 28.
689 3535 766 3601 ἔσσο
789 3529 879 3596 deest
901 3525 984 3595 libro
1006 3525 1136 3594 Aldino.
1170 3524 1291 3618 Margo
1314 3523 1466 3594 Victorii:
1488 3533 1565 3640 έοσο
1586 3527 1624 3600 τ’.

1004 3745 1045 3814 Π.

283 3861 449 3956 Longinus
475 3861 513 3929 de
538 3859 718 3929 sublimio.
737 3871 788 3926 10.
822 3850 962 3989 Ἐμειδὴ
985 3855 1065 3926 πᾶσι
1091 3861 1166 3934 τοῖς
1187 3851 1362 3950 πράγμασι
1389 3850 1485 3952 φύσει
1512 3841 1728 3950 σνντδρεύει
1735 3889 1814 3933 τινα
1835 3863 1897 3955 μό-

150 4008 210 4077 ρια
235 3983 313 4053 ταῖς
339 3973 440 4050 ὕλαις
468 3969 753 4066 συννποὲρχοντα,
785 3969 822 4052 ἐξ
849 3962 1004 4063 ἀνάγκης
1027 3962 1194 4058 μένοιτ’“
1169 3993 1218 4035 αν
1239 3966 1323 4062 ἡμιν
1344 3963 1458 4054 ὕψους
1479 3972 1606 4044 αι”,ιιον
1638 3965 1679 4036 cd
1703 3971 1772 4042 τῶν
1795 3975 1896 4072 ἐμφε-

149 4090 309 4186 ρσμένων
332 4086 486 4174 ἐκλέγειν
507 4077 561 4150 ἀεὶ
583 4109 628 4150 τα
651 4075 893 4208 καιριώτατα,
897 4079 957 4147 καὶ
979 4075 1090 4146 ταῦτα
1112 4075 1158 4169 τῆ
1171 4101 1263 4204 πρρς
1285 4071 1425 4198 ἅλλρλα
1443 4074 1656 4145 ε’πισσνθέσει
1677 4079 1839 4179 καθάπερ
1858 4091 1897 4158 έν

148 4231 182 4271 τι
206 4197 305 4330 σῶμα
331 4202 439 4263 ποιειν
468 4188 659 4261 δύνασθαι·
689 4217 730 4258 το
721 4186 821 4278 μέν
847 4213 914 4282 γαρ
938 4216 982 4281 τῃ
970 4183 1127 4280 ἰ’κλογῇ
1140 4181 1201 4255 τόν
1215 4177 1393 4278 αἰιροατήν
1414 4181 1484 4252 τῶν
1507 4183 1708 4282 λημμάτων,
1732 4221 1772 4262 ro
1764 4186 1897 4265 δέ’
1850 4221 1894 4289 rp

149 4303 314 4379 πυκνώσει
328 4303 398 4374 τῶν
413 4299 667 4388 ἐκλελεγμένον
681 4295 893 4391 προσάγεται
923 4295 1050 4367 Οιον
1028 4327 1051 4392 η
1066 4288 1196 4390 Σαπφολ
1214 4321 1258 4362 τα
1251 4291 1519 4381 συμβαίνοντα
1537 4302 1615 4373 ταις
1632 4297 1810 4391 ἐρωτικαῖς
1827 4332 1895 4391 μα.
1944 4351 1950 4358 .

149 4422 241 4496 νέαις
258 4411 488 4511 παθήματα’
469 4437 508 4480 εκ
528 4409 597 4478 τῶν
617 4409 862 4502 παρεπομένων
881 4407 981 4475 καὶ
962 4433 1002 4474 εκ
1026 4402 1086 4499 τῆς
1106 4401 1277 4496 αληθιιας
1294 4397 1400 4498 αὐτῆς
1421 4399 1578 4474 έκαστατε
1599 4404 1784 4548 λαμβανιι.
1815 4414 1897 4482 Ποῦ

149 4523 250 4599 δέ
208 4553 274 4622 την
296 4517 423 4619 αρετιμν
442 4518 702 4596 dovoriam,-
728 4513 784 4586 ὅτε
806 4511 851 4585 roi
872 4514 966 4610 ἄκροι
987 4509 1102 4584 αὐτῶν
1125 4511 1226 4581 nal‘
1202 4513 1459 4608 νπεριεταμένα
1481 4509 1575 4610 διινη
1598 4519 1656 4585 κατ’
1678 4517 1814 4600 ἐκλέξαι
1835 4525 1896 4593 καλ

147 4633 197 4716 εἰς
220 4635 359 4730 alapae
387 4630 557 4729 συνδῆσαι.

1456 4901 1461 4908 ,
1492 4841 1573 4922 W]
